2411 3890
969 282 1213 333 SATIRA
1243 283 1333 332 vl.
2046 279 2131 338 47

185 405 446 512 Disponit
475 431 700 493 crinem
729 430 1002 495 laceratis
1031 431 1158 516 ipsa
1189 431 1415 516 capillis
2005 427 2131 486 375

183 531 357 597 Nuda
385 535 636 598 humero
665 535 894 600 Psecas
923 535 1145 616 infelix,
1173 537 1465 620 nudisque
1496 533 1789 599 mamillis.

174 635 364 700 Altior
389 639 487 702 hic
520 661 702 723 quare
733 641 1090 705 cincinnus?
1135 656 1343 705 taurea
1370 641 1537 725 punit

185 738 472 805 Continuo
502 744 642 808 flexi
672 746 898 808 crimen
929 745 1273 830 facinusque
1305 747 1521 830 capilli.

184 843 338 918 Quid
369 846 598 913 Psecas
627 850 910 913 admisit?
957 872 1237 934 quaenam
1268 865 1359 914 est
1387 851 1486 914 hic
1518 850 1695 935 culpa
1722 848 1954 934 puellae,

185 949 245 1012 Si
273 953 375 1015 tibi
405 954 696 1037 displicuit
725 977 902 1018 nasus
931 970 1064 1019 tuus
1088 956 1116 1019 ?
1202 957 1410 1020 Altera
1438 957 1651 1018 laevum
1998 953 2125 1013 380

183 1053 487 1134 Extendit,
518 1060 816 1143 pectitque
846 1082 1072 1138 comas,
1104 1076 1164 1124 et
1190 1062 1371 1125 volvit
1398 1062 1457 1123 in
1486 1062 1717 1123 orbem.

183 1157 287 1222 Est
315 1161 376 1223 in
406 1163 653 1226 consilio
681 1178 951 1229 matrona
981 1166 1339 1248 admotaque
1374 1165 1521 1226 lanis

181 1261 446 1331 Emerita
477 1290 604 1351 quae
635 1284 828 1333 cessat
857 1291 972 1334 acu
998 1291 1014 1331 ε
1059 1271 1347 1333 sententia
1375 1269 1565 1353 prima

181 1367 372 1454 Hujus
403 1372 552 1451 erit3
597 1387 731 1456 post
757 1375 910 1438 hanc
943 1389 1110 1438 aetate
1141 1387 1317 1458 atque
1348 1388 1471 1436 arte
1500 1373 1761 1436 minores

181 1471 542 1552 Censebunt,
573 1490 852 1562 tanquam
883 1479 1052 1543 samae
1086 1481 1399 1544 discrimen
1432 1494 1638 1563 agatur
1996 1479 2121 1538 385

181 1580 295 1642 Aut
323 1582 532 1644 animae
563 1605 579 1644 z
623 1597 782 1646 tanta
813 1597 903 1647 est
931 1585 1231 1668 quaerendi
1260 1606 1405 1648 cura
1436 1584 1689 1648 decoris.

181 1681 295 1746 Tot
323 1687 542 1769 premit
566 1688 886 1765 ordinibus,
917 1703 1004 1754 tot
1032 1691 1228 1753 adhuc
1257 1690 1643 1772 compagibus
1672 1688 1853 1750 altum

180 1787 459 1853 AEdificat
488 1805 685 1874 caput.
775 1793 1240 1857 Andromachen
1271 1817 1303 1857 a
1334 1793 1523 1857 fronte
1553 1792 1819 1854 videbis:

180 1890 322 1957 Post
350 1895 542 1959 minor
571 1909 699 1959 est:
745 1898 958 1960 credas
987 1899 1180 1960 aliam.
1276 1897 1473 1971 Cedo,
1504 1897 1549 1958 si
1580 1896 1760 1958 breve
1792 1895 1951 1978 parvi

183 1996 394 2062 Sortita
421 2015 512 2063 est
540 2002 734 2064 lateris
765 2004 1038 2085 spatium,
1070 2002 1419 2083 breviorque
1448 2001 1679 2063 videtur
1993 2000 2121 2060 390

181 2099 416 2187 Virgine
447 2104 755 2187 Pygmaefi,
785 2107 958 2168 nullis
991 2106 1190 2191 adjuta
1219 2106 1537 2182 cothurni3‚

183 2204 258 2269 Et
287 2208 434 2271 levis
465 2210 666 2272 erecta
693 2212 991 2294 consurgit
1019 2212 1094 2273 ad
1125 2212 1327 2273 oscula
1354 2210 1554 2293 planta
1576 2210 1746 2306 {ff
1777 2194 1785 2202 ’

257 2310 441 2377 Nulla
469 2315 574 2375 viri
603 2336 748 2376 cura
777 2316 1024 2390 interea,
1055 2336 1168 2376 nec
1199 2314 1419 2375 mentio
1448 2313 1551 2375 fiet

183 2416 585 2482 Damnorum:
631 2419 772 2481 vivit
798 2432 1075 2501 tanquam
1105 2419 1297 2480 vicina
1324 2417 1533 2480 marito
1560 2440 1579 2495 ;

183 2521 315 2587 Hoc
347 2525 472 2587 solo
503 2525 758 2607 propior,
791 2524 950 2606 quod
981 2524 1204 2587 amicos
1234 2523 1497 2607 conjugis
1525 2522 1650 2586 odit
1994 2523 2119 2585 395

184 2626 259 2691 Et
287 2650 492 2691 servos
519 2652 535 2690 ε
579 2630 770 2711 gravis
799 2643 889 2691 est
915 2630 1255 2692 rationibus.
1349 2628 1522 2692 Ecce
1554 2627 1795 2691 furentis

183 2730 442 2796 Bellonae
475 2734 794 2816 matrisque
825 2733 1004 2795 defim
1035 2735 1252 2797 chorus
1281 2734 1470 2809 intrat,
1504 2747 1565 2795 et
1591 2733 1797 2816 ingens

187 2836 544 2915 Semivir,—

346 2945 534 3006 ——cui
562 2966 742 3007 rauca
773 2946 1005 3020 cohorS,
1035 2943 1130 3005 cui
1159 2957 1443 3025 tympana
1472 2942 1694 3003 cedunt

187 3047 444 3125 Plebeia,
478 3064 538 3111 et
565 3048 832 3132 Phrygia
861 3048 1098 3111 vestitur
1127 3049 1321 3109 bucca
1349 3045 1517 3108 tiara.
1993 3051 2120 3109 400

173 3152 424 3223 ,Grande
457 3169 642 3230 sonat,
676 3155 974 3236 metuique
993 3152 1168 3237 jubet
1199 3150 1567 3234 Septembris
1597 3164 1657 3213 et
1684 3152 1883 3215 Austri

191 3259 542 3336 Adventum,
572 3260 681 3322 nisi
711 3280 774 3322 se
807 3272 1045 3321 centum
1077 3258 1406 3320 lustraverit
1433 3256 1577 3333 oviS,

193 3361 268 3425 Et
293 3364 726 3448 xerampelinas
753 3378 984 3426 veteres
1013 3362 1319 3425 donaverit
1350 3362 1477 3445 ipsi,

193 3465 288 3545 Ut,
317 3471 598 3555 quidquid
630 3470 798 3532 subiti
829 3482 890 3531 et
917 3469 1113 3549 magni
1143 3467 1493 3530 discriminis
1520 3468 1709 3539 instat,
