2411 3890
222 288 347 347 114
874 279 941 329 D.
973 280 1160 333 JUNu
1192 282 1574 333 JUVENALIS

218 430 357 494 Neo
388 432 549 515 prius
578 431 713 495 inde
746 428 1011 506 domum,
1044 431 1220 514 quem
1251 446 1376 495 tota
1401 431 1632 494 novalia
1661 438 1858 493 savos<

218 536 287 601 In
320 556 554 601 venti-es
584 539 813 611 abeant,
848 548 909 597 ut
938 537 1151 598 credas
1181 536 1428 600 falcibus
1459 550 1680 599 actum.

221 641 447 705 Dicere
481 644 577 704 vix
608 641 815 723 possis,
848 639 1027 723 quem
1057 641 1222 702 multi
1251 640 1386 703 talia
1418 643 1665 724 plorent,
2061 638 2194 697 150

224 746 307 807 Et
338 761 477 827 quot
506 748 745 808 venales
772 745 979 829 injuria
1008 744 1216 807 fecerit
1247 768 1438 829 agros.

226 850 350 911 Sed
384 852 482 933 qui
513 850 865 913 sermones?
914 851 1093 934 quem
1121 849 1306 913 soedae
1337 852 1590 913 buccina
1619 848 1842 913 famae?

223 954 387 1026 Quid
422 971 599 1018 nocet
628 957 743 1017 hoo
768 954 793 1017 ?
839 956 1042 1039 inquit.
1137 956 1433 1018 Tunicam
1466 956 1605 1018 mihi
1635 957 1794 1019 malo
1817 956 2024 1039 lupini,

222 1060 427 1133 Quem
460 1062 507 1123 si
536 1084 633 1123 me
662 1075 783 1123 toto
813 1061 1014 1124 laudet
1040 1062 1252 1123 vicinia
1281 1082 1455 1145 pag0,

226 1166 450 1248 Exigui
482 1168 628 1229 ruris
658 1167 1015 1250 paucissima
1044 1166 1198 1229 sarra
1229 1181 1554 1229 secantem.
1709 1192 1716 1199 ·
2058 1166 2192 1227 155·

230 1272 475 1334 scilicet
502 1288 562 1335 et
594 1274 811 1335 morbis
842 1288 901 1335 et
932 1272 1232 1335 debilitate
1261 1273 1512 1347 carebis,
1609 1258 1721 1327 ²⁶³2&

226 1376 309 1437 Et
336 1374 559 1437 luctum
593 1392 651 1437 et
680 1398 887 1438 curam
920 1378 1187 1457 effugieS,
1219 1391 1278 1438 et
1307 1392 1578 1459 tempora
1616 1377 1744 1439 vitae

228 1480 443 1561 Longa
471 1482 569 1541 tibi
600 1496 730 1563 post
760 1482 887 1541 haeo
918 1480 1039 1541 fato
1068 1482 1312 1543 meliore
1345 1482 1634 1545 dabuntur
1659 1504 1678 1558 3

230 1584 295 1645 Si
326 1598 547 1645 tantum
578 1584 716 1645 culti
749 1584 906 1645 solus
936 1584 1271 1665 possederis
1301 1585 1444 1665 agi-i,

229 1688 675 1780 Quantum-sub
706 1687 886 1750 Tatio
917 1688 1168 1770 populus
1200 1688 1512 1750 Romanus
1543 1690 1764 1753 arabat.
2061 1692 2191 1751 160

230 1794 380 1870 Mox
414 1778 591 1855 etiam
623 1792 820 1855 fractis
852 1807 1019 1855 aetate
1051 1816 1121 1855 ae
1152 1792 1382 1855 Punica
1415 1794 1601 1876 passis

231 1899 477 1976 Proelia,
508 1901 599 1962 vel
632 1899 929 1982 Pyrrhum
961 1899 1303 1975 immanem,
1335 1900 1674 1982 gladiosque
1705 1898 2022 1976 Molossos,

232 2005 509 2068 Tandem
545 2028 651 2088 pro
682 2007 875 2068 multis
907 2006 1003 2067 vix
1025 2005 1239 2088 jugera
1271 2006 1404 2066 bina
1437 2006 1724 2066 dabantur

230 2111 589 2171 Vulneribus
614 2131 627 2168 ε
673 2131 905 2170 merces
934 2109 1061 2170 haec
1092 2109 1388 2190 sanguini-s
1419 2121 1594 2191 atque
1624 2109 1838 2172 laboris

232 2215 425 2300 Nullis
456 2215 577 2275 visa
607 2235 866 2296 unquam
899 2213 1115 2274 meritis
1148 2213 1353 2287 minor,
1387 2227 1486 2274 aut
1513 2213 1750 2296 ingratae
2065 2218 2187 2278 165

236 2319 426 2382 Curta
455 2319 604 2381 fides
634 2318 852 2401 patriae.
948 2317 1262 2381 Saturabat
1291 2318 1523 2399 glebula
1553 2318 1684 2380 talis

232 2424 477 2486 Patrem
508 2425 701 2505 ipsum
734 2425 1079 2504 turbamque
1108 2445 1283 2497 casae,
1308 2422 1427 2504 que,
1455 2422 1596 2485 soeta
1613 2423 1857 2507 jacebat

231 2529 429 2605 Uxor,
460 2542 517 2588 et
550 2526 794 2587 infantes
824 2527 1106 2588 ludebant
1137 2541 1403 2607 quatuor,
1435 2549 1584 2590 unus

234 2632 518 2705 Vernula,
550 2644 667 2691 tres
698 2629 917 2691 domini
944 2649 959 2688 τ
1004 2631 1111 2690 sed
1143 2632 1368 2711 magnis
1401 2631 1668 2696 fratribus
1697 2635 1928 2710 horum,

234 2741 295 2799 A
324 2737 532 2798 scrobe
566 2735 658 2796 vel
682 2734 845 2796 sulco
876 2733 1276 2809 redeuntibus,
1309 2737 1490 2798 altera
1519 2759 1694 2801 eoena
2066 2745 2194 2804 170

234 2843 523 2924 Amplior,
556 2855 615 2902 et
644 2840 896 2922 grandes
928 2838 1230 2902 fumabant
1260 2842 1512 2923 pultibus
1541 2845 1690 2906 ollae.

233 2949 296 3010 N
300 2971 413 3010 unc
443 2947 655 3010 modus
684 2947 780 3008 hic
813 2945 935 3028 agri
965 2958 1160 3008 nostro
1191 2969 1307 3008 non
1339 2949 1552 3010 sufficit
1579 2949 1768 3012 horto.
1827 2947 1836 2952 ”

234 3055 383 3114 Inde
418 3053 540 3114 sere
572 3053 865 3114 scelerum
894 3061 1087 3112 oausae
1116 3073 1133 3128 ;
1178 3074 1292 3114 nec
1325 3053 1490 3134 plura
1519 3075 1749 3116 venena

236 3158 494 3232 Miscuit,
526 3169 625 3217 aut
654 3156 809 3218 ferro
838 3169 1131 3238 grassatur
1160 3158 1370 3238 saepius
1401 3159 1583 3219 ullum

237 3265 529 3326 Humauae
562 3261 772 3321 mentis
800 3261 1021 3336 vitium,
1054 3261 1232 3343 quem
1265 3283 1418 3322 saeva
1447 3263 1667 3342 cupido
2065 3271 2190 3329 175

232 3367 506 3432 Indomiti
536 3363 787 3426 oensfis:
836 3385 972 3425 nam
1004 3365 1168 3428 dives
1199 3365 1297 3448 qui
1327 3365 1454 3426 fieri
1476 3368 1616 3442 vult,
1901 3369 1904 3372 ’

235 3477 319 3539 Et
348 3472 463 3535 cito
492 3470 611 3532 vult
641 3469 788 3530 fieri.
882 3467 1008 3530 Sed
1040 3471 1526 3551 qute'reverentia
1556 3459 1776 3556 legum,-
