2411 3890
1016 237 1261 294 sanna
1290 240 1361 295 11.

983 615 1307 684 SATIRA
1353 616 1435 682 11.

215 827 456 890 Umna
486 827 868 892 Sauromatas
899 825 1104 912 sugere
1127 827 1271 895 binc
1300 829 1441 893 libet
1470 841 1531 892 et
1559 827 1869 912 glacialem

220 934 563 1008 Oceanum,
597 933 824 1016 quoties
853 933 1072 1016 aliquid
1115 934 1194 996 de
1225 935 1485 997 moribus
1516 934 1753 1009 audent,

223 1037 356 1110 Qui
385 1036 601 1099 Curios
625 1037 894 1100 simulant
924 1051 986 1100 et
1012 1037 1417 1101 Bacchanalia
1448 1038 1665 1102 vivunt.

223 1141 459 1204 Indocti
491 1142 742 1224 primum
768 1165 786 1221 3
832 1162 1170 1224 quanquam
1216 1143 1393 1224 plena
1421 1144 1619 1204 omnia
1650 1161 1839 1225 gypso

221 1244 552 1334 Chrysippi
582 1246 864 1308 invenias.
954 1245 1118 1307 Nam
1151 1243 1612 1326 perfectissimus
1640 1245 1851 1308 horum
1882 1259 1991 1320 est,

233 1337 463 1432 Siquis
492 1350 872 1412 Aristotelem
903 1349 1154 1412 similem
1185 1349 1280 1410 vel
1310 1348 1583 1411 Pittacon
1612 1349 1757 1412 emit

231 1454 320 1516 Et
340 1455 513 1538 jubet
541 1455 896 1537 archetypos
925 1455 1188 1536 pluteum
1220 1475 1455 1516 servare
1488 1452 1831 1517 Cleanthas.

233 1557 445 1620 Fronti
475 1559 632 1620 nulla
661 1559 830 1620 fides.
883 1608 887 1612 .
923 1557 1078 1630 Quis
1107 1559 1265 1618 enim
1298 1581 1413 1620 non
1446 1559 1609 1620 vicus
1640 1559 1900 1620 abundat

235 1661 534 1726 Tristibus
559 1661 900 1726 obscoenis?
991 1660 1265 1745 Castigas
1294 1664 1483 1745 turpia
1502 1661 1619 1725 ἓ·-

80 1829 88 1836 ,
125 1781 128 1784 ’
237 1767 610 1850 Loripedem
639 1782 836 1830 rectus
865 1767 1152 1842 derideat,
1180 1767 1527 1850 AEthiopern
1560 1768 1744 1831 albus-

241 1873 402 1947 Quis
427 1873 621 1936 tulerit
651 1873 960 1936 Gracchos
989 1863 1077 1936 de‘
1097 1872 1385 1934 seditione
1418 1871 1779 1955 querentes?

244 1978 404 2051 Quis
431 1978 649 2041 coelum
679 1979 848 2040 terris
877 2000 996 2040 non
1025 1978 1274 2039 misceat
1303 1990 1364 2039 et
1392 1998 1555 2037 mare
1586 1978 1763 2051 coele,

249 2082 316 2143 Si
347 2081 439 2143 sur
471 2082 772 2165 displiceat
801 2082 976 2144 Verri
1001 2080 1026 2143 ?
1085 2080 1387 2143 homicida
1418 2079 1625 2142 Miloni
1650 2079 1677 2142 ?

249 2186 500 2249 Clodius
529 2202 772 2249 accuset
803 2188 1071 2262 moeclios
1097 2186 1122 2249 ?
1216 2184 1470 2248 Catilina
1501 2185 1840 2269 Cethegum
1864 2184 1891 2247 ?

157 2318 162 2321 ·
249 2292 318 2354 In
351 2292 610 2354 tabulam
642 2292 818 2353 Sullae
852 2293 898 2353 si
930 2292 1128 2353 dicant
1157 2290 1427 2371 discipuli
1456 2304 1575 2351 tres
1603 2289 1629 2349 ?

253 2396 468 2469 Qualis
495 2410 620 2459 erat
649 2418 838 2481 nuper
867 2396 1088 2477 tragico
1119 2394 1373 2476 pollutus
1404 2393 1631 2455 adulter

254 2500 615 2578 Concubitu,
649 2502 746 2584 qui
776 2516 915 2563 tunc
944 2501 1108 2582 leges
1137 2499 1455 2561 revocabat
1486 2520 1717 2563 amaras

247 2608 564 2682 OmnibuS,
596 2623 771 2691 atque
802 2606 940 2689 ipsis
968 2602 1194 2665 Veneri
1241 2603 1537 2687 Martique
1568 2605 1974 2668 timendas.—
2066 2623 2077 2635 ⁸

253 2712 476 2775 Nonne
505 2711 676 2793 igitur
693 2711 828 2795 jure
857 2732 929 2773 ac
959 2708 1169 2771 merito
1197 2709 1335 2771 vitia
1362 2710 1564 2772 ultima
1592 2710 1761 2773 fictos

257 2816 666 2879 Contemnunt
697 2815 975 2890 ScauroS,
1005 2828 1066 2877 et
1093 2814 1372 2896 castigata
1402 2813 1789 2875 remordent?

349 2922 490 2983 Non
519 2921 644 2983 tulit
672 2942 752 2981 ex
781 2920 890 2981 illis
917 2933 1148 2981 torvum
1177 2917 1479 2981 Lauronia
1506 2918 1807 2999 quendam

259 3006 640 3090 Clamantem
667 3025 876 3087 toties:
919 3022 1042 3086 Ubi
1073 3044 1231 3085 nunc
1258 3023 1359 3084 lex
1387 3020 1579 3084 Julia.
1569 3020 1592 3065 Ρ
1638 3022 1909 3087 dormis?

259 3132 361 3194 Ad
395 3152 576 3214 quem
605 3130 951 3193 subridens.
997 3126 1227 3189 Felicia
1256 3096 1543 3209 tefflpora,
1577 3148 1705 3210 quae
1736 3143 1794 3191 te

260 3236 534 3299 Moribus
563 3236 900 3319 opponunt!
948 3231 1233 3296 Habeat
1209 3234 1335 3316 Jam
1368 3232 1569 3296 Roma
1600 3236 1886 3317 pudorem
1914 3238 1929 3297 3

257 3340 506 3403 Tertius
535 3362 569 3401 e
599 3340 755 3405 coelo
781 3340 1002 3402 cecidit
1028 3337 1207 3401 Cato.
1302 3338 1427 3401 Sed
1456 3355 1657 3403 tamen
1687 3342 1846 3403 unde

267 3446 419 3509 Haec
452 3446 622 3521 emiS,
643 3445 863 3508 hirsuto
893 3446 1113 3529 spirant
1137 3446 1518 3529 opobalsama
1542 3445 1699 3507 collo

2145 1250 2181 1306 5

2116 1774 2193 1828 10

2122 2296 2197 2352 15

2122 2820 2207 2877 20

2128 3346 2246 3402 25-
