2411 3890
1142 127 1148 135 ·
1183 115 1247 148 0

1009 287 1255 340 sarm
1284 287 1381 338 m.
2075 289 2155 348 21

199 436 336 514 Me,
367 410 554 522 duem
579 436 719 502 luna
745 436 896 502 solet
923 437 1249 514 deducere,
1277 438 1377 502 vel
1407 437 1587 502 breve
1616 436 1817 500 lumen

197 541 518 620 Candelae,
547 543 716 629 cujus
744 543 1022 628 dispenso
1051 558 1114 607 et
1139 559 1411 628 tempero
1438 544 1625 620 filum,

201 646 576 712 Contemnit.
669 648 912 712 Miserae
939 671 1237 731 cognosce
1268 649 1555 732 prooemia
1582 648 1747 722 rixae,

203 751 276 814 Si
301 753 439 816 rixa
467 768 578 829 est,
609 755 711 818 uhi.
735 769 799 818 tu
829 756 1046 838 pulsas,
1077 777 1192 839 ego
1220 755 1437 837 vapulo
1462 751 1711 816 tantum.
2032 752 2161 812 2⁷0

205 857 348 920 Stat
373 859 602 934 contra,
633 860 890 942 starique
913 860 1126 944 jubet3
1173 880 1381 942 parere
1403 878 1651 922 necesse
1680 869 1791 920 est.

199 961 374 1024 Nam
405 963 548 1046 quid
574 983 734 1046 agas,
765 983 948 1046 quum
975 978 1034 1027 te
1064 963 1317 1027 furiosus
1344 977 1537 1046 cogat,
1566 975 1629 1024 et
1654 961 1819 1024 idem

201 1063 496 1128 Fortior?
539 1065 724 1130 Unde
751 1068 964 1131 venis?
1009 1069 1347 1132 exclamat:
1390 1067 1561 1151 cujus
1588 1079 1780 1142 aceto,

205 1167 404 1254 Cujus
433 1171 664 1233 conche
691 1172 934 1234 tumes?
981 1173 1111 1254 quis
1139 1185 1339 1233 tecum
1369 1171 1571 1232 sectile
1600 1189 1841 1252 porrum

207 1273 396 1338 Sutor
425 1289 486 1338 et
513 1275 652 1339 elixi
679 1277 946 1340 vervecis
973 1276 1138 1338 labra
1167 1272 1473 1336 comedit?
2032 1277 2159 1334 275

205 1377 314 1440 Nil
341 1378 488 1440 mihi
513 1379 880 1470 respondes?
927 1379 1052 1441 Aut
1079 1379 1196 1454 dic,
1230 1391 1329 1440 aut
1358 1377 1565 1460 accipe
1594 1376 1861 1440 calcem!

206 1479 372 1558 Ede,
404 1483 506 1544 ubi
533 1484 818 1546 consistas
843 1506 858 1546 ε
904 1484 960 1545 in
991 1482 1110 1565 qua
1137 1497 1196 1549 te
1228 1501 1429 1565 quaero
1456 1479 1835 1564 proseucha?

205 1584 440 1648 Dicere
460 1586 512 1649 si
539 1600 730 1650 tentes
759 1586 996 1668 aliquid,
1025 1588 1308 1650 tacitusve
1336 1586 1607 1662 recedas,

203 1689 598 1753 Tantundem
625 1704 758 1770 est3
800 1690 1014 1754 feriunt
1039 1691 1297 1774 pariterz
1340 1688 1676 1752 vadimonia
1702 1687 1923 1754 deinde

203 1793 350 1856 Irati
379 1793 620 1857 faciunt.
710 1793 988 1858 Libertas
1011 1795 1287 1879 pauperis
1314 1795 1442 1857 haec
1474 1807 1609 1858 est:
2035 1795 2163 1856 280

205 1895 704 1983 Pulsatus‘rogat‚
733 1913 794 1963 et
821 1900 1030 1983 pugnis
1057 1900 1333 1963 concisus
1361 1899 1590 1976 adorat,

207 2000 302 2065 Ut
327 2004 506 2067 liceat
529 2004 736 2087 paucis
764 2025 906 2067 cum
935 2004 1207 2067 dentibus
1244 2002 1383 2063 inde
1412 2001 1647 2064 reverti.

301 2106 368 2169 N
369 2128 443 2171 ec
471 2121 670 2171 tamen
695 2109 838 2171 haec
864 2107 1092 2172 tantum
1121 2120 1397 2172 metuas:
1438 2126 1599 2183 nam,
1630 2104 1729 2189 qui
1758 2102 1971 2189 spoliet
1984 2116 2075 2181 te,

211 2209 278 2275 N
278 2232 355 2285 on
389 2212 596 2287 deerit,
625 2213 838 2275 clausis
867 2213 1156 2289 domibus,
1187 2225 1501 2295 postquam
1528 2204 1721 2342 omnjs
1745 2209 1967 2309 ubigue

213 2312 373 2377 Fixa
401 2328 682 2378 catenatae
709 2317 862 2378 siluit
891 2336 1186 2397 compago
1215 2315 1495 2377 tabernae.
1614 2346 1650 2399 72
1672 2296 1869 2397 {2333ssss
1921 2326 1977 2383 κη’
2002 2388 2018 2403 Ι

213 2418 518 2481 Interdum
548 2432 608 2481 et
633 2418 792 2481 ferro
821 2419 1042 2481 subitus
1069 2431 1362 2500 grassator
1392 2416 1511 2499 agit
1537 2431 1685 2491 rom,
1801 2492 1825 2509 ⁴
1990 2400 2001 2409 ⁴

213 2525 460 2587 Armato
490 2524 720 2605 quoties
749 2536 882 2587 tutae
914 2522 1161 2587 custod-e
1189 2534 1462 2585 tenentur

217 2626 302 2691 Et
329 2625 608 2689 Pomtina
635 2628 804 2711 palus
831 2642 894 2690 et
923 2627 1241 2691 Gallinaria
1272 2628 1462 2709 pinus.

219 2730 320 2793 Sic
347 2730 486 2792 inde
516 2732 634 2795 hue
662 2734 890 2807 omnes„
919 2745 1204 2815 tanquam
1226 2733 1303 2795 ad
1334 2731 1573 2807 vivaria,
1602 2744 1861 2793 currunt.

220 2834 361 2909 Qua
387 2834 629 2898 fornace
657 2856 886 2917 graves,
917 2834 1036 2919 qua
1061 2856 1181 2899 non
1209 2837 1425 2901 incude
1455 2848 1685 2897 catenae
1712 2834 1737 2897 ?
2039 2836 2167 2897 290

221 2938 522 3003 Maximus
549 2938 610 3000 in
639 2938 846 3002 vinclis
873 2938 1012 3001 serti
1039 2940 1275 3015 modus,
1304 2953 1371 3001 ut
1396 2939 1629 3013 timeae,
1659 2958 1738 2999 ne

219 3040 440 3106 Vomer
469 3043 728 3120 deficiat,
757 3065 834 3105 ne
864 3065 1072 3105 marrae
1101 3058 1162 3106 et
1189 3043 1423 3107 sarcula
1450 3042 1663 3105 desint.

221 3146 452 3211 Felices
481 3168 832 3231 proavorum
866 3160 1085 3223 atavOS‚
1115 3146 1315 3217 felicia
1344 3148 1509 3211 dicas

225 3252 471 3328 Saecula,
501 3273 630 3334 quae
661 3252 962 3335 quondam
991 3254 1098 3315 sub
1127 3252 1365 3335 regibus
1396 3266 1569 3337 atque
1600 3253 1843 3318 tribunis

220 3355 505 3420 Viderunt
531 3378 650 3419 uno
679 3370 1014 3421 contentam
1043 3377 1287 3421 carcere
1318 3356 1604 3421 Romam.
2037 3364 2191 3425 295.>

305 3458 414 3525 His
445 3460 584 3525 alias
611 3474 880 3545 poteram
911 3474 973 3525 et
999 3461 1198 3545 plures
1226 3462 1575 3527 subnectere
1606 3482 1817 3529 causas
1845 3485 1861 3525 ε

2020 2315 2165 2385 ,285
