2411 3890
38 2944 53 3143 ι

52 3438 90 3843 ι
215 3470 280 3533 Si
309 3472 410 3535 tibi
440 3471 750 3554 contigerit
779 3472 986 3556 capitis
1015 3485 1283 3536 matrona
1310 3474 1531 3557 pudici.

961 253 1207 332 sATmA
1234 259 1327 310 vt.
2038 259 2123 320 35

170 405 298 472 Aut
326 408 524 493 aliqua
553 405 898 486 exstiterint,
929 423 990 474 et
1017 409 1128 473 sub
1153 408 1309 474 Jove
1334 430 1355 489 ;
1396 408 1505 474 sed
1532 405 1687 471 Jove
1714 403 1983 470 nondum
2046 407 2123 466 15

171 511 462 589 Bai-bato,
491 514 758 578 nondum
789 514 1018 578 Graecis
1035 514 1241 600 jurare
1268 513 1489 600 paratis

173 615 303 679 Per
331 631 510 702 caput
537 618 792 696 alterius,
823 639 1007 704 quum
1035 619 1228 686 sutem
1256 639 1438 684 nemo
1466 619 1702 682 timeret·

177 719 486 800 Caulibus,
518 737 617 787 aut
646 724 858 808 pomis,
887 737 948 788 et
977 739 1182 810 aperto
1211 725 1435 790 viveret
1462 724 1655 788 horto.

180 825 478 891 Paulatim
509 828 729 892 deinde
760 830 838 892 ad
867 849 1116 914 superos
1145 830 1375 894 Astraia
1400 827 1651 892 recessit

177 929 326 996 Hac
353 933 592 1012 comite,
623 946 800 1020 atque
828 934 962 998 duae
993 935 1211 1020 pariter
1240 934 1447 1020 sugere
1476 953 1735 999 sorores-
2046 935 2131 994 20

177 1036 508 1122 Antiquum
539 1053 599 1102 et
625 1053 796 1104 vetus
821 1053 913 1104 est
941 1039 1222 1118 alienum,
1253 1039 1565 1115 Postume,
1592 1038 1817 1102 lectum

180 1139 548 1219 Concutere‚
579 1158 757 1228 atque
785 1144 937 1208 sacri
967 1139 1209 1228 genium
1237 1157 1623 1208 contemnere
1652 1139 1843 1204 fulcri.

182 1245 388 1310 Omne
418 1248 575 1311 aliud
603 1249 830 1312 crimen
859 1269 1004 1312 mox
1033 1246 1229 1312 ferrea
1257 1246 1495 1332 protulit
1520 1259 1663 1310 aetas
1682 1267 1701 1306 τ

179 1349 481 1420 Viderunt
505 1352 730 1437 primos
757 1366 1038 1438 argentea
1068 1353 1286 1416 saecula
1310 1352 1605 1416 moechoa.

271 1453 652 1521 Conventum
679 1469 899 1535 tamen,
931 1471 996 1522 et
1020 1472 1285 1542 pactum,
1316 1472 1377 1522 et
1404 1457 1723 1543 sponsalia,
1752 1455 1955 1520 nosti-fi
2049 1459 2134 1517 25

181 1560 576 1646 Tempestate
606 1577 802 1647 paras,
821 1563 1070 1649 jamque
1099 1585 1133 1626 a
1163 1577 1401 1628 tonsore
1429 1562 1709 1646 magistro

183 1666 482 1744 Pectoris,
511 1681 574 1731 et
601 1667 782 1752 digito
811 1669 1022 1752 pignus
1051 1666 1299 1732 fortasse
1328 1668 1567 1731 dedisti.

187 1769 379 1836 Certe
408 1793 586 1835 sanus
615 1773 789 1836 eras!
834 1771 1132 1849 Uxorem,
1163 1772 1475 1850 Postume,
1506 1772 1727 1838 ducis?

187 1881 334 1960 Dic,
366 1881 486 1968 qua
509 1881 862 1968 Tisiphone,
894 1884 1105 1967 quibus
1133 1883 1437 1967 exagitare
1465 1883 1767 1949 colubris?

188 1986 384 2052 Ferre
412 2002 582 2074 potes
610 1988 908 2053 dominam
941 1989 1114 2052 salvis
1141 2002 1227 2052 tot
1256 1989 1507 2052 restibus
1534 1989 1737 2066 ullam,
2057 1994 2145 2052 30

189 2098 402 2175 Quum
430 2114 670 2184 pateant
697 2100 824 2164 altae
856 2100 1299 2185 caligantesque
1326 2100 1622 2181 fenestrae,

191 2208 404 2284 Quum
431 2210 532 2273 tibi
563 2210 819 2273 vicinum
851 2232 914 2274 se
945 2212 1209 2295 praebeat
1236 2212 1513 2276 AEmilius
1540 2232 1691 2295 pons
1713 2210 1832 2274 ?—

196 2313 323 2379 Sed
353 2315 549 2399 placet
573 2312 820 2379 Ursidio
847 2316 948 2378 lex
977 2314 1178 2378 Julia:
1221 2317 1427 2379 tollere
1458 2315 1699 2378 dulcem

196 2416 440 2503 Cogitat
467 2420 766 2483 haeredem
797 2420 1085 2483 cariturus
1113 2432 1339 2483 turture
1366 2440 1606 2503 magne,

195 2522 638 2607 Malloi-umque
659 2523 840 2608 jubis,
871 2538 934 2588 et
961 2538 1266 2609 captatore
1295 2524 1571 2589 macello.
1700 2544 1707 2553 ⁴
2062 2530 2144 2590 35

197 2626 365 2703 Quid
397 2628 522 2690 fieri
551 2650 668 2691 non
699 2650 874 2712 posse
905 2642 1096 2712 puteS‚
1126 2628 1176 2693 si
1195 2629 1463 2716 jungitur
1489 2630 1607 2695 ulla

195 2730 492 2799 Ursidio?
537 2733 586 2795 si
615 2734 986 2796 moechorum
1017 2734 1358 2797 notissimus
1386 2735 1527 2798 olim

203 2836 398 2901 Stulta
427 2837 672 2900 maritali
693 2837 820 2922 jam
849 2837 1091 2921 porrigit
1119 2858 1227 2901 ora
1254 2838 1531 2923 capistm,

202 2940 407 3017 Quem
436 2942 610 3006 toties
635 2942 784 3005 texit
812 2943 1050 3027 perituri
1079 2940 1227 3005 cista
1254 2940 1504 3005 Latini?

203 3046 396 3124 Quid,
426 3046 585 3131 quod
617 3059 676 3109 et
705 3047 954 3131 antiquis
983 3068 1151 3133 uxor·
1164 3046 1243 3109 de
1270 3046 1535 3111 moribus
1563 3047 1641 3109 illi
2071 3058 2158 3117 40

207 3150 556 3225 Quaeritur?
645 3151 728 3227 O,
759 3150 998 3227 medici,
1027 3151 1290 3214 mediam
1322 3153 1655 3237 pertundite
1684 3160 1939 3221 venam!

207 3260 475 3325 Delicias
501 3262 795 3333 hominis!
882 3261 1215 3346 Tarpeium
1244 3260 1427 3326 limen
1457 3264 1640 3331 adora

212 3364 468 3443 Pronus,
499 3380 559 3428 et
587 3381 850 3429 auratam
881 3366 920 3428 J
925 3367 1101 3431 unoni
1131 3367 1300 3431 caede
1320 3368 1665 3454 juvencam,
