2411 3890
280 303 401 361 120
912 288 979 337 D.
1010 283 1199 337 JUNII
1231 280 1613 336 JUVENALIS

276 445 417 509 Nec
439 442 637 507 Croesi
667 439 896 503 fortuna
924 458 1185 521 unquam
1214 452 1328 497 nec
1358 431 1606 493 Persica
1633 446 1820 509 regna

279 550 587 612 Sufficient
618 546 831 619 auium,
860 565 975 607 nec
1003 542 1214 603 divitiae
1245 536 1531 611 Narcissi,

274 653 521 716 Indulsit
548 650 753 712 Caesar
782 650 878 711 cui
908 647 1199 710 Claudius
1227 646 1446 719 omnia,
1477 642 1647 725 cujus

275 755 483 818 Paruit
510 754 787 837 imperiiS,
817 774 1069 815 uxorem
1098 750 1382 813 occidere
1403 747 1624 831 jussus·

1002 1166 1328 1231 SATIRA
1369 1164 1516 1228 XV.

278 1384 448 1457 Qms
478 1382 685 1455 nescit,
714 1378 924 1441 Volusi
954 1378 1294 1459 Bithynice,
1327 1378 1522 1458 qualia
1553 1376 1804 1437 demens

276 1488 574 1568 AEgyptus
604 1497 871 1567 portenta
900 1482 1055 1543 colat
1079 1481 1105 1543 ?
1154 1480 1522 1544 Crocodilon
1555 1480 1761 1541 adorat

280 1588 433 1651 Pars
462 1588 591 1648 haec
619 1610 634 1646 ε
678 1586 775 1646 illa
805 1598 978 1667 pavet
1008 1598 1265 1646 saturam
1295 1585 1664 1666 serpentibus
1692 1584 1832 1645 ibin,

280 1690 531 1773 Effigies
561 1689 710 1752 sacri
738 1690 883 1751 nitet
912 1710 1093 1769 aurea
1122 1690 1542 1771 cercopitheci,

279 1796 548 1860 Dimidio
579 1796 821 1877 magicae
850 1809 1126 1857 resonant
1156 1794 1254 1855 ubi
1285 1774 1609 1856 Memnone
1640 1794 1898 1867 chordae,

282 1904 479 1987 Atque
512 1911 677 1964 vetus
706 1900 925 1964 Thebe
955 1914 1192 1963 centum
1215 1900 1380 1984 jacet
1405 1900 1614 1962 obruta
1643 1900 1845 1982 portis-

278 2008 404 2071 Illic
433 2008 735 2082 caernleOS,
768 2007 866 2069 hic
896 2008 1121 2090 piscem
1154 2005 1425 2080 fluminis,
1458 2004 1574 2066 illic

280 2111 522 2194 Oppida
548 2123 670 2171 tota
698 2131 912 2171 canem
942 2124 1314 2184 venerantur,
1346 2131 1524 2171 nemo
1554 2110 1835 2171 Dianam.

278 2211 533 2280 Portum
568 2227 627 2275 et
655 2235 818 2295 caepe
848 2212 1019 2274 nefas
1048 2214 1286 2288 violare,
1315 2227 1377 2274 et
1407 2210 1676 2295 frangere
1710 2234 1930 2276 morsu..
1979 2241 1984 2244 ·

279 2320 340 2382 O
370 2333 600 2383 sanctas
630 2332 856 2400 genteS,
888 2319 1101 2402 quibus
1130 2320 1268 2380 haec
1297 2320 1614 2380 nascuntur
1644 2319 1700 2379 in
1729 2319 1910 2382 hortis

278 2425 579 2488 Numina!
628 2425 870 2486 Lanatis
900 2425 1244 2486 animalibus
1271 2424 1521 2486 abstinet
1549 2425 1739 2486 omnis

278 2527 513 2590 Mensa.
606 2527 796 2588 Nefas
826 2527 939 2588 illic
970 2527 1178 2589 foetum
1198 2529 1471 2610 jugulare
1501 2529 1742 2611 capellae
1767 2552 1783 2590 ε

278 2629 575 2694 Carnibus
604 2631 873 2691 humanis
902 2632 1062 2692 vesci
1091 2632 1250 2692 licet.
1339 2633 1601 2694 Attonito
1632 2655 1814 2716 quum

276 2729 432 2796 Tale
465 2756 642 2818 super
671 2755 905 2796 coenam
938 2733 1163 2798 facinus
1192 2751 1454 2800 narraret
1481 2737 1718 2821 Ulyxes

276 2840 551 2917 Alcinoo,
581 2840 759 2902 bilem
790 2853 889 2902 aut
916 2840 1098 2902 risum
1128 2837 1370 2904 sortasse
1404 2843 1756 2925 quibusdam

278 2945 569 3026 Moverat,
600 2958 665 3006 ut
694 2945 957 3007 mendax
984 2947 1336 3030 aretalogus.
1427 2947 1495 3008 In
1530 2969 1693 3010 mare
1723 2968 1901 3012 nemo
1965 3017 1970 3025 ,

280 3047 463 3111 Hunc
494 3051 687 3126 abicit,
718 3049 875 3112 saeva
904 3051 1147 3132 dignum
1174 3051 1438 3134 veraque
1471 3049 1800 3136 Charybdi,

279 3150 635 3234 Fingentem
662 3155 952 3217 immanes
982 3155 1400 3238 Laestrygonas
1431 3171 1604 3240 atque
1635 3157 1986 3244 Cyclopas?

277 3255 443 3320 Nam
472 3256 641 3318 citifls
674 3257 957 3340 Scyllam,
986 3261 1081 3322 vel
1108 3263 1522 3324 concurrentia
1551 3285 1696 3326 saxa

280 3360 581 3444 Cyaneas,
612 3363 821 3446 plenos
850 3378 909 3425 et
936 3367 1379 3449 tempestatibus
1411 3381 1568 3430 utres

279 3463 677 3542 Crediderim,
708 3481 809 3531 aut
836 3470 995 3530 tenui
1024 3493 1372 3552 percussum
1402 3474 1648 3538 verbere
1680 3475 1912 3552 Circes,

2161 2325 2240 2380 10

2159 2852 2240 2907 15

2147 3375 2238 3435 20
