2411 3890
217 273 299 334 66
833 267 900 315 n.
932 267 1120 320 mnu
1153 271 1537 322 JUVENALIS

219 417 358 481 Nec
387 437 497 500 per
525 429 849 480 conventus
877 431 939 479 et
965 431 1182 482 cuncta
1208 439 1319 502 per
1344 419 1566 502 oppida
1594 418 1789 482 curvis
1900 435 1911 444 ·

219 520 534 604 Unguibus
561 521 646 584 ire
675 535 844 605 parat
869 543 1146 586 nummos
1174 535 1415 606 raptura
1444 523 1729 588 Celaeno:
2054 522 2191 582 130

223 625 404 688 Tunc
431 626 570 688 licet
601 647 636 689 a
665 625 817 688 Pico
845 647 1127 690 numeres
1155 647 1343 708 genus
1368 649 1387 704 3
1432 627 1665 710 altaque
1694 627 1743 692 si
1772 641 1833 690 te

227 729 490 793 Nomina
519 731 834 807 delectant,
863 751 1104 794 omnem
1131 730 1417 794 Titanida
1444 753 1705 815 pugnam

225 832 386 895 Inter
415 834 672 918 majores
701 835 1012 918 ipsumque
1041 833 1407 898 Promethea
1436 855 1621 918 ponas
1648 858 1665 896 ε

232 935 335 1000 De
367 958 721 1021 quocunque
749 940 914 1002 voles
941 959 1227 1021 proavum
1256 939 1358 1002 tibi
1388 941 1601 1004 sumito
1629 940 1799 1004 libre.
1857 979 1887 998 χ

233 1040 418 1115 Quod
451 1042 498 1104 si
529 1042 888 1126 praecipitem
919 1042 1072 1124 rapit
1099 1043 1340 1105 ambitio
1370 1058 1545 1126 atque
1574 1043 1774 1120 libido,
2060 1047 2215 1112 135.

237 1146 304 1209 Si
333 1146 551 1230 frangis
579 1147 771 1230 virgas
799 1148 1094 1212 sociorum
1125 1147 1184 1209 in
1214 1148 1514 1230 sanguine,
1546 1149 1594 1212 si
1622 1162 1682 1214 te

235 1251 560 1315 Delectant
587 1253 836 1315 hebetes
863 1253 1018 1316 lasso
1047 1252 1253 1315 lictore
1284 1274 1523 1317 secures
1547 1274 1567 1331 ;

239 1355 452 1438 Incipit
479 1356 738 1437 ipsorum
770 1368 974 1417 contra
1003 1369 1064 1416 te
1093 1368 1249 1417 stare
1278 1370 1591 1437 parentum

245 1457 559 1534 Nobilitas,
581 1454 928 1540 claramque
959 1455 1154 1520 facem
1185 1458 1459 1540 praeserre
1490 1461 1843 1544 pudendis-x
1902 1503 1907 1508 ·

247 1561 448 1628 Omne
479 1562 654 1624 animi
686 1561 888 1624 vitium
917 1561 1080 1624 tanto
1109 1565 1485 1646 conspectius
1514 1566 1571 1628 in
1600 1588 1667 1630 se
2074 1575 2219 1632 140

249 1665 496 1729 Crimen
526 1667 723 1744 habet,
755 1666 974 1750 quanto
1005 1665 1212 1751 major,
1244 1669 1343 1751 qui
1373 1684 1604 1752 peccat,
1634 1671 1905 1736 habetur.

249 1769 396 1844 Quo
423 1771 566 1833 mihi
595 1785 654 1834 te
685 1772 914 1836 solitum
942 1770 1116 1836 falsas
1145 1764 1389 1854 signare
1406 1775 1652 1838 tabellas

250 1876 321 1938 In
349 1875 600 1961 templis,
631 1897 762 1961 quae
791 1875 932 1939 fecit
963 1898 1123 1955 avuS,
1153 1891 1525 1963 statuamque
1558 1881 1810 1964 parentis

253 1982 412 2045 Ante
441 1982 901 2067 triumphalem?
949 1982 1088 2066 quo,
1121 1985 1170 2046 si
1196 1999 1516 2048 nocturnus
1546 1984 1777 2049 adulter

255 2086 564 2169 Tempora
597 2087 918 2149 Santonico
949 2088 1109 2151 velas
1140 2089 1423 2171 adoperta
1452 2090 1735 2155 cucullo?
2084 2096 2229 2157 145

259 2189 486 2253 Praeter
516 2188 804 2275 majorum
833 2190 1066 2253 cineres
1097 2203 1273 2273 atque
1304 2212 1441 2256 ossa
1468 2192 1691 2255 volucri

261 2293 566 2380 Carpento
595 2294 813 2378 rapitur
843 2295 1070 2379 pinguis
1099 2294 1521 2380 DamasippuS,
1553 2310 1613 2359 et
1640 2297 1788 2380 ipse,

263 2400 400 2483 Ipse
429 2414 617 2462 rotam
649 2400 950 2483 adstringit
976 2402 1162 2465 multo
1191 2400 1518 2465 sufflamine
1548 2402 1796 2465 consul:

269 2504 469 2567 Nocte
501 2504 742 2585 quidem
765 2526 785 2581 ;
830 2505 937 2566 sed
966 2505 1104 2567 luna
1132 2504 1313 2578 videt,
1342 2504 1447 2565 sed
1482 2506 1677 2568 sidera
1704 2518 1885 2571 testes

268 2607 585 2672 Intendunt
612 2607 838 2669 oculos„
928 2604 1192 2687 Finitum
1220 2619 1457 2688 tempus
1486 2608 1723 2673 honoris
2098 2618 2241 2679 150

270 2710 478 2785 Quum
511 2709 701 2786 fuerit,
731 2709 895 2773 clara
922 2708 1325 2792 Damasippus
1352 2710 1487 2775 luce
1518 2711 1815 2795 flagellum

277 2816 508 2891 Sumet,
541 2829 602 2877 et
627 2834 939 2879 occursum
970 2834 1275 2898 nunquam
1304 2816 1617 2898 trepidabit
1646 2817 1821 2879 amici

276 2905 412 2984 Jam
443 2920 620 2995 senis,
649 2940 724 2981 ac
752 2918 916 3001 virga
941 2918 1098 3002 prior
1128 2933 1368 2995 annuet,
1401 2935 1577 3004 atque
1608 2920 1895 3005 maniplos

283 3025 506 3100 Solvet,
537 3040 597 3088 et
624 3022 888 3087 infundet
906 3023 1187 3108 jumentis
1214 3024 1441 3088 hordea
1469 3026 1654 3089 lassis..

279 3130 535 3205 Interea,
570 3129 712 3191 dum
740 3129 962 3193 lanatas
987 3140 1339 3212 torvumque
1358 3128 1685 3213 juvencum
2108 3143 2253 3203 155

284 3234 459 3301 More
490 3231 706 3298 Numae
737 3233 911 3299 caedit
937 3232 1100 3299 Jovis
1130 3247 1263 3297 ante
1294 3235 1515 3311 altaria,
1537 3236 1697 3319 jurat

291 3338 496 3402 Solam
525 3336 802 3420 Eponam
831 3349 893 3403 et
919 3335 1104 3403 facies
1129 3336 1291 3401 olida
1318 3338 1395 3401 ad
1424 3341 1713 3423 praesepia
1740 3342 1944 3425 pictas.

295 3441 422 3507 Sed
453 3462 634 3527 quum
664 3439 974 3527 pervigiles
1003 3442 1196 3528 placet
1224 3442 1543 3511 instaurare
1573 3445 1861 3531 popinas;

168 1725 236 1759 ,ζμ
