2411 3890
949 275 1192 328 sATmA
1224 277 1313 328 vr.
2022 285 2107 346 43

155 429 456 492 Conducit
485 427 760 503 comites,
791 427 1020 504 sellam,
1051 428 1333 504 cervical,
1364 429 1609 504 amicas,
1974 431 2103 492 255

156 533 489 608 Nutricem,
522 545 584 594 et
611 531 846 608 flavam,
877 533 974 596 cui
1003 533 1106 596 det
1133 533 1431 610 mandata,
1462 533 1743 616 puellam.

158 637 309 700 Haec
339 651 539 700 tamen
571 637 795 718 argenti
824 650 1090 721 superest
1119 637 1517 721 quodcunque
1547 638 1773 722 paterni

161 741 422 804 Levibus
452 742 700 818 athletis,
733 763 806 804 ac
834 763 974 805 vasa
1001 742 1319 806 novissima
1350 743 1551 806 donat.

160 845 363 908 Multis
391 868 489 909 res
519 861 762 929 angusta
791 847 952 909 domi
977 869 992 908 τ
1037 849 1146 910 sed
1175 847 1335 910 nulla
1364 847 1653 930 pudorem

159 950 534 1033 Paupertatis
563 951 762 1026 habet,
791 972 907 1014 nec
937 971 1002 1014 se
1031 951 1271 1014 metitur
1300 952 1373 1014 ad
1404 951 1587 1029 illum,
1978 955 2111 1014 260

163 1054 372 1128 Quem
403 1055 568 1117 dedit
589 1056 737 1130 haec,
755 1056 1066 1139 posuitque
1089 1056 1361 1119 modum.
1450 1055 1691 1118 Tamen
1712 1056 1855 1118 utile
1878 1056 2017 1140 quid
2040 1071 2112 1119 nt

159 1158 537 1242 Prospiciunt
565 1160 880 1241 aliquando
909 1160 1035 1234 viri,
1067 1159 1365 1241 frigusque
1394 1157 1737 1242 famemque

165 1263 452 1326 Formica
480 1265 720 1326 tandem
753 1264 992 1347 quidam
1023 1263 1325 1346 expavere
1356 1262 1657 1345 magistra.

163 1367 430 1450 Prodiga
458 1390 576 1429 non
605 1369 776 1430 sentit
805 1381 1153 1451 pereuntem
1184 1366 1427 1430 soemina
1456 1389 1703 1431 censum
1728 1391 1748 1447 3

162 1473 282 1548 Ac,
314 1474 472 1536 velut
499 1472 792 1536 exhausta
821 1475 1114 1536 recidivus
1143 1473 1389 1556 pullulet
1417 1473 1557 1537 arca
1982 1477 2113 1538 265

166 1578 472 1641 Nummus
501 1592 560 1642 et
589 1600 624 1640 e
654 1579 830 1662 pleno
859 1599 1096 1661 semper
1125 1579 1356 1642 tollatur
1384 1601 1619 1656 acervo,

165 1679 310 1744 Non
342 1704 601 1765 unquam
633 1695 882 1766 reputat,
911 1680 1111 1764 quanti
1139 1683 1247 1746 sibi
1278 1684 1491 1765 gaudia
1520 1698 1901 1748 constent.—

255 1787 328 1849 Si
357 1788 578 1870 gaudet
607 1799 778 1849 cantu
806 1809 825 1866 3
869 1787 1078 1849 nullius
1107 1787 1285 1849 fibula
1316 1788 1487 1851 durat

167 1891 408 1955 Vocem
438 1891 746 1955 vendentiS
777 1890 1116 1974 praetoribus
1142 1911 1158 1951 ε
1200 1911 1423 1972 organa
1453 1913 1689 1976 semper

169 1997 236 2059 In
267 1997 576 2059 manibus:
626 1996 792 2059 densi
821 1995 1052 2059 radiant
1077 1995 1369 2057 testudine
1398 1995 1521 2057 tota
1991 2006 2120 2065 270

175 2101 636 2183 Sardonyches:
684 2101 878 2183 crispo
908 2113 1290 2163 numerantur
1318 2101 1552 2183 pectine
1581 2104 1843 2183 chordae,

174 2205 321 2278 Quo
353 2219 517 2267 tener
548 2204 924 2286 Hedymeles
951 2226 1163 2287 operas
1195 2204 1359 2267 dedit
1386 2227 1401 2265 ε
1446 2206 1602 2269 hunc
1632 2222 1815 2285 tenet,
1842 2211 1958 2274 hoc
1989 2232 2055 2274 se

178 2310 436 2385 Solatur,
466 2323 748 2391 gratoque
777 2307 1042 2389 indulget
1067 2307 1233 2369 basia
1258 2308 1507 2388 plectro.

176 2414 478 2486 Quaedam
510 2415 586 2475 de
616 2434 866 2475 numero
896 2410 1243 2473 Lamiarum
1274 2431 1345 2473 ac
1375 2412 1624 2476 nominis
1654 2415 1749 2477 alti

178 2520 342 2582 Cum
376 2519 528 2581 farre
559 2531 618 2580 et
647 2519 782 2580 vino
807 2515 1028 2579 Janum
1057 2514 1423 2600 Vestamque
1452 2518 1717 2602 rogabat,
1995 2530 2121 2588 275

179 2626 276 2687 An
309 2623 708 2707 Capitolinam
741 2622 987 2685 deberet
1015 2620 1211 2685 Pollio
1240 2642 1527 2705 quercum

183 2729 466 2811 Sperare,
498 2743 558 2790 et
587 2728 798 2789 fidibus
826 2728 1186 2809 promittere.
1278 2727 1443 2800 Quid
1476 2726 1702 2794 faceret
1727 2733 1859 2815 plus

183 2835 532 2917 AEgrotante
564 2831 730 2894 viro?
777 2832 1026 2895 medicis
1056 2832 1197 2915 quid
1227 2832 1479 2895 tristibus
1510 2854 1655 2915 erga

183 2937 511 3002 Filiolum?
603 2937 778 2999 Stetit
805 2950 938 2999 ante
969 2956 1153 3010 aram,
1181 2956 1297 2997 nec
1327 2948 1495 3017 turpe
1525 2937 1747 3019 putavit

185 3042 310 3109 Pro
337 3042 566 3107 cithara
593 3042 789 3105 velare
819 3054 1040 3123 caput3
1085 3039 1419 3121 dictataque
1449 3041 1630 3103 verba
1999 3056 2132 3115 280

187 3149 457 3224 Pertulit,
488 3161 553 3209 ut
579 3168 710 3208 mos
739 3159 850 3221 est,
879 3158 940 3207 et
967 3142 1172 3227 aperta
1201 3143 1402 3227 palluit
1432 3143 1603 3225 agna.

187 3256 306 3318 Dic
341 3254 478 3316 mihi
509 3274 686 3329 nunc,
717 3272 936 3335 quaeso,
967 3250 1084 3323 dic,
1115 3247 1513 3331 antiquissime
1542 3248 1765 3329 divum,

193 3359 550 3443 Respondes
579 3358 686 3433 his,
716 3355 869 3418 Jane
898 3353 1116 3439 pater?
1207 3352 1431 3465 Magpa
1459 3356 1577 3418 otia
1605 3358 1741 3419 coeli
1768 3378 1785 3419 ε

195 3464 332 3528 Non
361 3476 469 3539 est,
499 3478 564 3525 ut
593 3463 786 3537 viden,
815 3482 932 3523 non
961 3476 1070 3537 est,
1103 3459 1263 3541 quod
1295 3472 1499 3540 agatur·
1528 3460 1685 3540 apud
1716 3478 1821 3522 vos
