2411 3890
199 320 284 380 56
817 312 884 366 D.
915 311 1104 364 sumt
1135 311 1521 364 summus

197 465 496 542 Quintillae
529 463 688 549 quod
717 463 928 540 donet,
949 463 1170 543 habet3
1212 480 1329 527 nec
1358 458 1545 526 defuit
1572 459 1671 536 illi,
1974 517 1981 524 .
2070 465 2167 522 ’75

195 570 378 636 Unde
411 583 639 633 emeret
667 569 851 632 multa
879 569 1247 653 pascendum
1276 589 1457 632 carne
1486 568 1725 630 leonem

196 675 334 740 Jam
367 675 654 738 domitum
683 697 699 736 ε
744 688 975 739 constat
1001 675 1207 738 leviori
1235 673 1431 737 bellua
1460 685 1699 756 sumptu

189 782 510 858 Nimirum,
541 795 600 845 et
629 781 870 865 capiunt
895 781 1028 866 plus
1057 779 1323 842 intestina
1354 781 1566 864 poetas.

190 886 524 950 Contentus
553 885 714 949 samii,
729 887 932 971 jaceat
963 885 1247 948 Lucanus
1276 884 1331 946 in
1363 884 1547 948 hortis

190 991 587 1056 Marmoreis:
636 1005 694 1054 at
725 991 984 1054 Serrano
1013 991 1293 1073 tenuique
1328 989 1531 1052 Saleio
2060 993 2159 1052 80

193 1098 395 1161 Gloria
425 1095 784 1181 quantalibet
811 1095 952 1179 quid
982 1094 1108 1170 erit,
1139 1094 1186 1157 si
1217 1095 1403 1178 gloria
1432 1096 1653 1160 tantum
1686 1094 1820 1160 est?

187 1202 460 1267 Curritur
489 1202 564 1265 ad
594 1223 808 1264 vocem
826 1200 1159 1286 jucundam
1191 1213 1253 1264 et
1280 1223 1525 1264 carmen
1554 1202 1758 1265 amioae

186 1309 558 1384 Thebaidos,
588 1309 778 1370 laetam
811 1306 952 1370 fecit
981 1328 1163 1390 quum
1197 1306 1417 1370 Statius
1447 1309 1676 1384 urbem,

185 1413 584 1497 Promisitque
614 1413 774 1474 diem
802 1433 818 1472 ι
863 1411 1024 1473 tanta
1051 1411 1367 1475 dulcedine
1398 1427 1605 1496 captos

186 1519 390 1582 Afficit
421 1519 518 1580 ille
549 1518 794 1594 animOS,
826 1515 1104 1598 tantaque
1135 1517 1375 1581 libidine
1406 1519 1561 1601 vulgi
2054 1523 2149 1580 85

185 1626 439 1689 Auditur
463 1647 483 1704 ;
527 1624 654 1700 sed,
701 1645 882 1707 quum
913 1621 1086 1706 fregit
1113 1623 1389 1687 subsellia
1416 1646 1613 1700 versu,

187 1726 410 1807 Esurit,
442 1731 722 1793 intactam
752 1728 955 1792 Paridi
987 1729 1092 1792 nisi
1124 1730 1341 1794 vendat
1372 1732 1647 1814 Agaven.

183 1837 290 1899 Ille
321 1850 381 1899 et
410 1835 622 1898 militiae
654 1835 848 1902 multis
877 1835 1116 1918 largitur
1145 1836 1455 1912 honorem,

183 1943 470 2008 Semestri
497 1958 698 2006 vatum
729 1940 940 2025 digitos
967 1941 1335 2027 circumligat
1362 1965 1528 2007 auro,

181 2048 368 2123 Quod
399 2069 515 2109 non
549 2048 691 2109 dant
717 2069 1021 2127 proceres,
1051 2048 1213 2109 dabit
1241 2048 1476 2110 histrio:
1525 2060 1585 2110 tu
1619 2047 1992 2125 CamerinOS,
2046 2053 2143 2111 90

181 2152 265 2215 Et
295 2153 544 2225 Baream,
575 2164 634 2213 tu
667 2151 946 2212 nobilium
979 2173 1191 2233 magna
1223 2151 1365 2213 atria
1396 2152 1614 2215 curas?

179 2256 508 2321 Praefectos
538 2254 808 2339 Pelopea
837 2254 995 2331 facit,
1026 2255 1367 2319 Philomela
1394 2258 1673 2321 tribunos.

182 2362 363 2427 Haud
398 2376 598 2425 tamen
629 2360 892 2424 invideas
919 2362 1054 2437 vati,
1087 2383 1265 2445 quem
1298 2364 1518 2446 pulpita
1550 2380 1815 2447 pascunt.

179 2468 334 2542 Quis
363 2468 464 2530 tibi
495 2465 848 2528 Maeoenas?
895 2467 1022 2548 quis
1051 2490 1209 2530 nuno
1240 2468 1349 2531 erit
1380 2483 1479 2531 aut
1509 2470 1880 2547 ProculeiuS,

177 2575 300 2637 Aut
325 2570 548 2634 Fabius
572 2568 598 2631 ?
646 2569 774 2653 quis
797 2567 978 2631 Cotta
999 2570 1263 2635 iterum?
1311 2573 1440 2655 quis
1463 2572 1755 2637 Lentulus
1777 2577 1921 2641 alter
1945 2576 1971 2639 ?
2040 2581 2133 2639 95

175 2680 354 2742 Tunc
385 2699 490 2761 par
519 2674 754 2757 ingenio
784 2674 1071 2758 pretium:
1120 2689 1261 2738 tunc
1293 2677 1431 2739 utile
1464 2679 1656 2743 multis

176 2783 433 2859 Fallere,
466 2794 524 2845 et
553 2780 752 2842 vinum
775 2793 898 2843 toto
929 2780 1158 2843 nescire
1187 2781 1538 2847 Decembri.

262 2888 482 2951 Vester
511 2885 687 2972 porro
716 2886 881 2949 labor
910 2884 1263 2964 foecundior,
1292 2889 1662 2953 historiarum

175 2994 545 3077 Scriptores:
590 2992 734 3076 petit
763 2992 860 3054 hic
891 2993 1022 3076 plus
1051 2994 1349 3076 temporiS,
1383 3009 1559 3079 atque
1588 2996 1705 3059 olei
1737 2999 1865 3080 plus
1888 3022 1908 3077 3

171 3100 453 3182 Namque
483 3098 662 3161 oblita
690 3098 852 3161 modi
883 3098 1187 3161 millesima
1225 3100 1438 3183 pagina
1468 3103 1651 3185 surgit
1998 3110 2127 3169 100
2220 3128 2233 3135 ”

170 3204 485 3279 Omnibus,
516 3215 577 3265 et
607 3202 789 3265 multa
819 3205 1034 3267 crescit
1062 3204 1350 3269 damnosa
1379 3228 1627 3291 papyro.

172 3310 274 3372 Sic
303 3310 510 3391 ingens
541 3328 742 3369 rerum
769 3328 1048 3371 numerus
1069 3308 1243 3393 jubet
1271 3324 1447 3394 atque
1479 3335 1726 3395 operum
1757 3315 1877 3377 lex.

171 3414 326 3488 Quae
355 3427 556 3475 tamen
586 3411 726 3473 inde
756 3412 974 3495 seges?
1020 3427 1188 3476 terrae
1222 3415 1353 3497 quis
1381 3415 1603 3479 fructus
1632 3434 1844 3502 apertae
1870 3420 1901 3483 ἓ

169 3519 326 3594 Quis
354 3517 515 3580 dabit
542 3516 840 3594 histori00‚
873 3515 1156 3607 quantum
1187 3519 1356 3582 daret
1385 3535 1517 3585 acta
1546 3522 1813 3605 legenti?

1782 3610 1864 3691 ί
