2411 3890
1019 286 1265 338 sium
1294 283 1411 336 vn.
2082 277 2163 340 59

235 437 520 513 Quantum
549 439 638 502 vis
669 437 966 523 stipulare,
997 451 1060 502 et
1086 449 1369 521 protenus
1400 432 1630 516 accipe,
1660 427 1821 514 quod
1852 424 1955 502 do,
2042 425 2161 486 165

235 543 312 607 Ut
334 547 496 609 toties
523 545 692 608 illum
719 557 888 628 pater
914 543 1134 606 audiat.
1226 540 1383 606 Haec
1412 539 1505 604 alii
1534 558 1647 602 sex

231 647 334 712 Vel
359 651 556 734 plures
585 671 706 712 uno
735 649 1110 712 conclamant
1135 667 1243 710 ore
1272 644 1567 730 sophistae,

232 753 308 818 Et
331 777 496 819 veras
527 757 746 838 agitant
772 754 923 830 lites,
951 766 1186 836 raptore
1216 751 1469 829 relict03

226 854 376 923 Fusa
403 883 636 924 venena
663 861 852 935 silent,
881 859 1072 922 malus
1099 859 1479 942 ingratusque
1508 853 1770 929 maritus,

223 963 298 1028 Et
325 988 450 1050 quae
471 967 600 1052 jam
628 980 860 1061 veteres
889 979 1094 1028 sanant
1121 963 1399 1028 mortaria
1426 981 1640 1026 caecos.
2034 962 2157 1020 170

221 1067 377 1154 Ergo
407 1073 514 1134 sibi
543 1071 703 1134 dabit
729 1072 858 1155 ipse
885 1071 1120 1146 rudem,
1151 1069 1198 1133 si
1228 1083 1425 1132 nostra
1456 1065 1775 1133 movebunt

221 1173 494 1252 Consilia,
526 1191 588 1239 et
613 1177 742 1240 vitae
773 1175 1072 1239 diversum
1100 1175 1211 1238 iter
1238 1172 1619 1258 ingredietur,

215 1281 306 1342 Ad
336 1302 595 1365 pugnam
625 1283 724 1365 qui
753 1279 1047 1344 rhetorici:
1077 1277 1387 1342 descendit
1416 1275 1493 1338 ab
1520 1273 1749 1350 umbra,
1778 1345 1797 1354 ‚

217 1385 519 1449 Summula
547 1407 624 1448 ne
654 1401 878 1472 pereat,
908 1385 1028 1470 qua
1055 1384 1182 1448 vilis
1210 1396 1433 1448 tessera
1460 1382 1621 1446 venit

133 1475 140 1482 ¹
213 1489 553 1570 Frumenti:
599 1493 816 1576 quippe
846 1493 975 1556 haec
1007 1512 1241 1554 merces
1269 1489 1608 1554 lautissima.
1700 1484 1919 1562 Teuta,
2028 1489 2146 1548 175

210 1595 630 1682 Chrysogonus
661 1597 856 1681 quanti
889 1598 1122 1672 doceat,
1153 1597 1251 1660 vel
1278 1595 1473 1660 Pollio
1502 1596 1721 1679 quanti,

205 1701 529 1765 Lautorum
560 1723 792 1786 pueros,
825 1715 1013 1766 artem
1043 1701 1319 1765 scindens
1348 1701 1681 1764 Theodori.

203 1805 432 1870 Balnea
461 1809 780 1884 sexcentis,
813 1819 873 1869 et
901 1807 1080 1890 pluris
1109 1807 1391 1889 porticus,
1422 1807 1481 1870 in
1512 1805 1632 1888 qua

205 1911 482 1977 Gestetur
512 1913 805 1988 dominuS,
838 1912 1066 1994 quoties
1095 1910 1259 1993 pluit.
1350 1912 1527 1975 Anne
1558 1932 1838 1977 serenum

201 2018 553 2103 Exspectet,
585 2031 940 2103 spargatque
971 2016 1092 2078 luto
1110 2016 1383 2100 jumenta
1412 2014 1685 2079 recenti?
2026 2021 2141 2079 180

201 2116 318 2187 Hic
347 2124 579 2208 potius:
622 2144 882 2205 namque
911 2121 1010 2184 hic
1041 2121 1275 2183 mundae
1304 2120 1449 2185 nitet
1480 2121 1695 2203 ungula
1726 2122 1919 2189 mulae.

200 2226 374 2291 Parte
407 2229 520 2291 alia
548 2227 734 2311 longis
765 2228 1162 2291 Numidarum
1192 2226 1337 2291 fulta
1366 2228 1655 2293 columnis

203 2332 432 2417 Sui-gat,
465 2348 526 2396 et
554 2334 848 2416 algentem
879 2332 1067 2415 rapiat
1094 2333 1353 2395 coenatio
1382 2334 1593 2395 solem.

199 2434 654 2521 Quahticunque
683 2439 918 2512 domus,
948 2437 1162 2512 veniet,
1195 2438 1291 2519 qui
1325 2435 1549 2500 fercula
1576 2436 1757 2501 docte

197 2542 576 2626 Componat;
621 2543 832 2618 veniet,
865 2542 960 2625 qui
992 2542 1379 2626 pulmentaria
1408 2543 1647 2607 condat.
2017 2550 2135 2609 185

197 2646 324 2711 Hos
353 2649 506 2710 inter
533 2663 798 2731 sumptus
825 2649 1091 2714 sestertia
1121 2648 1505 2726 Quintiliano,

195 2750 274 2815 Ut
301 2754 574 2829 multum,
605 2754 724 2816 duo
753 2754 1062 2816 sufficient.
1153 2752 1287 2817 Res
1315 2755 1472 2819 nulla
1502 2756 1745 2819 minoris

197 2856 502 2922 Constabit
531 2859 696 2941 patri,
729 2858 906 2941 quam
937 2858 1108 2919 filius.
1199 2856 1384 2921 Unde
1414 2859 1585 2940 igitur
1615 2872 1699 2921 tot

194 2960 580 3034 Quintilianus
610 2964 788 3038 habet
818 2960 1045 3025 saltus?
1134 2960 1438 3045 Exempla
1468 2982 1753 3026 novorum

194 3064 474 3131 Fatorum
503 3070 680 3132 transi
711 3091 726 3130 :
769 3068 930 3143 felix,
961 3083 1020 3131 et
1048 3068 1315 3151 pulcher,
1348 3080 1409 3133 et
1436 3087 1574 3131 acer
1598 3090 1617 3146 3
2014 3079 2135 3141 190

193 3170 386 3249 Felix,
419 3192 478 3237 et
507 3174 758 3257 sapienS,
790 3188 849 3237 et
876 3174 1104 3252 nobilis,
1139 3188 1198 3237 et
1226 3195 1557 3257 generosus

191 3278 534 3362 Appositam
565 3279 740 3363 nigrae
771 3280 970 3343 lunam
1001 3281 1261 3344 subtexit
1290 3280 1457 3343 alutae
1486 3304 1501 3343 ε

193 3380 386 3459 Felix,
409 3398 610 3449 orator
641 3406 876 3468 quoque
905 3385 1204 3449 maximus
1234 3398 1293 3447 et
1312 3385 1643 3470 jaculatum

193 3486 290 3565 Et,
322 3489 366 3551 si
398 3488 684 3573 perfrixit,
717 3504 916 3553 cantat
941 3490 1118 3553 bene.
1210 3489 1407 3557 Distat
1436 3492 1615 3567 enim,
1646 3513 1773 3573 quae
