2411 3890
260 290 343 351 95
866 282 935 329 n.
966 276 1153 331 unm
1184 274 1568 328 Juvenum

258 432 642 517 Praecipitare
670 430 875 494 volens
904 430 1084 492 etiarn
1114 425 1530 511 pulcherrima,
1561 432 1790 483 vestem

262 538 658 622 Purpuream,
686 536 903 597 teneris
934 554 1169 617 quoque
1200 528 1630 593 Maecenatibus
1655 536 1875 606 aptam,

264 645 465 725 Atque
497 641 659 716 alias,
690 660 937 723 quarum
969 636 1240 720 generosi
1269 632 1544 716 graminis
1571 630 1766 712 ipsum

265 745 478 809 Infecit
504 758 711 807 natura
740 764 925 825 pecus
950 763 968 820 3
1013 741 1119 803 sed
1150 753 1212 802 et
1241 737 1512 819 egregius
1541 732 1672 795 fons

266 848 507 911 Viribus
534 847 799 922 occultiS,
830 859 889 907 et
916 844 1177 907 Baeticus
1207 842 1445 925 adjuvat
1473 840 1597 899 ae‘r.
2135 833 2226 889 40

269 953 377 1015 Ille
405 972 519 1015 nec
551 964 857 1033 argentum
889 948 1190 1010 dubitabat
1219 946 1470 1018 mittere,
1500 942 1703 1003 lances

272 1054 597 1119 Parthenio
628 1053 831 1128 factas,
863 1073 1021 1114 urnae
1053 1062 1278 1112 cratera
1309 1066 1617 1130 capacem,

274 1158 360 1224 Et
388 1159 630 1241 dignum
661 1158 889 1219 sitiente
916 1154 1132 1230 Pholo,
1162 1153 1258 1215 vel
1285 1152 1536 1235 conjuge
1567 1147 1773 1211 Fusci.

278 1264 461 1326 Adde
492 1276 553 1325 et
580 1261 933 1335 bascaudas,
964 1272 1025 1321 et
1054 1259 1212 1321 mille
1243 1256 1486 1329 escaria,
1517 1254 1768 1315 multum

278 1366 511 1441 Caelati,
539 1365 767 1426 biberat
794 1384 911 1445 quo
942 1362 1189 1424 callidus
1219 1372 1450 1440 emptor
1479 1356 1747 1438 Olynthi.
2135 1338 2234 1411 ἱ«45

282 1470 411 1532 Sed
442 1468 571 1552 quis
598 1487 756 1553 nunc
788 1466 951 1539 alius,
982 1464 1101 1546 qu&
1130 1462 1342 1528 mundi
1367 1474 1555 1543 parte,
1587 1460 1718 1542 quis
1747 1456 1927 1520 audet

248 1640 253 1645 ,
279 1573 547 1653 Argento
575 1566 849 1653 praeferre
880 1579 1059 1648 caput
1087 1566 1382 1645 rebusque
1412 1561 1712 1626 salutem?

282 1680 424 1744 Non
454 1692 691 1762 propter
719 1679 895 1739 vitam
929 1675 1149 1738 faciunt
1176 1674 1526 1758 patrimonia
1559 1672 1822 1755 quidam,

286 1782 413 1847 Sed
440 1782 581 1845 vitio
610 1783 755 1845 caeci
785 1795 1022 1865 propter
1052 1780 1401 1863 patrimonia
1429 1780 1650 1840 vivunt.

284 1886 549 1952 Jactatur
578 1906 776 1949 rerum
808 1886 1031 1948 utilium
1064 1906 1201 1968 pars
1231 1883 1531 1945 maxima:
1580 1880 1686 1943 sed
1718 1900 1832 1942 nec
2157 1884 2244 1941 50

284 1991 525 2055 Damna
554 1992 769 2054 levant.
858 1991 1059 2066 Tunc,
1092 1991 1354 2052 adversis
1385 1987 1742 2070 urgentibus,
1774 1984 1914 2047 illuc

286 2095 549 2169 Recidit,
582 2108 645 2155 ut
660 2095 892 2155 ’malum
925 2093 1079 2155 ferro
1110 2079 1497 2166 submitteret,
1528 2113 1599 2152 ac
1629 2111 1693 2153 se
2009 2112 2043 2138 s

287 2197 571 2280 Explicat
600 2210 928 2280 angustum,
960 2196 1306 2258 discriminis
1339 2195 1540 2256 ultima
1569 2195 1808 2277 quando

286 2296 571 2361 Praesidia
602 2297 918 2373 afferimus,
948 2319 1160 2359 navem
1192 2295 1422 2359 factura
1447 2296 1762 2357 minorem.

287 2401 318 2462 I
346 2423 522 2476 nunc,
555 2415 616 2463 et
640 2402 828 2463 ventis
858 2402 1114 2463 animam
1142 2401 1466 2476 committe,
1497 2401 1694 2462 dolato
2159 2402 2246 2460 55

290 2504 571 2566 Confisus
598 2505 775 2584 lignO,
808 2504 999 2584 digitis
1028 2527 1064 2565 a
1094 2519 1282 2566 morte
1314 2517 1576 2565 remotus

292 2605 565 2679 Quatuor
596 2619 695 2667 aut
723 2618 971 2686 septem,
1002 2607 1050 2666 si
1080 2607 1153 2666 sit
1180 2607 1457 2666 latissima
1486 2606 1640 2667 taeda
1665 2608 1681 2667 !

290 2709 446 2775 Mox
479 2731 619 2771 cum
649 2707 925 2784 reticuliS,
958 2721 1017 2770 et
1044 2729 1220 2792 pane,
1251 2723 1312 2771 et
1340 2727 1552 2772 ventre
1573 2711 1816 2794 la'genae,

293 2813 559 2897 Adspice
589 2812 909 2876 sumendas
937 2813 993 2874 in
1024 2826 1374 2897 tempestate
1405 2837 1668 2878 secures.

296 2917 424 2982 Sed
452 2933 761 3002 postquam
783 2917 973 3002 jacuit
1002 2919 1254 3002 planum·
1273 2941 1457 2996 mare,
1487 2934 1756 3002 tempora
1785 2933 2098 3003 postquam
2165 2925 2255 2984 60

293 3021 593 3104 Prospera
619 3023 871 3085 vectoris
900 3021 1205 3106 satumque
1234 3024 1518 3087 valentius
1549 3023 1718 3086 Euro

295 3124 381 3188 Et
409 3126 641 3207 pelag0,
671 3140 985 3208 postquam
1015 3127 1226 3188 Parcae
1259 3129 1500 3189 meliora
1531 3129 1786 3210 benigna

293 3229 497 3291 Pensa
526 3249 705 3288 manu
734 3229 957 3291 ducunt
984 3231 1218 3305 hilares,
1249 3243 1310 3292 et
1339 3231 1597 3292 staminis
1627 3232 1740 3292 albi

296 3332 603 3407 Lanificae,
634 3331 873 3392 modica
899 3354 1013 3396 nec
1045 3333 1294 3395 multum
1326 3332 1531 3395 fortior
1561 3333 1704 3396 aura

298 3434 531 3498 Ventus
560 3436 767 3498 adest:
811 3435 967 3518 inopi
992 3437 1336 3500 miserabilis
1366 3451 1489 3499 arte
1519 3441 1777 3503 cucurrit
2167 3451 2257 3510 65
