2411 3890
265 280 348 340 62
877 278 943 327 D·
975 277 1174 342 smm-
1193 272 1579 329 summimus

264 423 334 486 Si
361 446 564 489 coram
595 416 844 509 Lepidis
871 425 1028 490 male
1055 411 1313 490 vibitur?
1404 419 1655 502 Effigies
1680 415 1803 500 quo

259 529 384 591 Tot
414 529 780 608 bellatorum,
809 529 857 592 si
882 528 1098 592 luditur
1127 527 1262 593 alea
1288 546 1520 610 pernox
1854 533 1857 536 ’

258 634 418 696 Ante
447 631 892 696 Numantinos?
937 633 984 696 si
1015 631 1275 696 dormire
1302 630 1511 713 incipis
1538 641 1671 706 ortu

255 735 543 811 Luciferi,
575 757 693 818 quo
721 737 886 818 signa
913 736 1104 798 duces
1131 748 1192 798 et
1218 747 1411 798 castra
1438 725 1803 799 movebant?

255 837 384 900 Cur
412 840 804 922 Allobrogicis
831 853 891 903 et
919 837 1138 922 magnii
1165 837 1425 922 gaudeat
1452 835 1558 898 ara.

255 941 448 1006 Natus
477 943 534 1006 in
566 941 873 1006 Herculeo
904 941 1129 1008 Fabius
1151 943 1299 1018 lare,
1328 941 1377 1006 si
1406 939 1677 1024 cupidus-0,
1706 939 1759 1002 si

254 1043 462 1108 Vanus
491 1059 550 1108 et
578 1045 874 1129 Euganea
901 1046 1275 1130 quantumvis
1302 1041 1751 1126 mollior-agnfi.;

255 1149 322 1212 Si
351 1163 622 1214 tenerum
652 1152 874 1214 attritus
902 1149 1209 1215 Catinensi
1238 1149 1477 1234 pumice
1505 1147 1774 1228 lumbum

255 1255 608 1338 Squalentes
636 1257 893 1320 traducit
922 1276 1088 1332 avos,
1121 1269 1473 1340 emptorque
1502 1251 1720 1329 veneni,

251 1357 613 1441 Frangenda
641 1361 920 1422 miseram
949 1359 1204 1440 funestat
1230 1359 1489 1440 imagine
1518 1353 1809 1438 gentem?

247 1461 410 1524 Tota
435 1463 575 1525 licet
603 1475 836 1525 veteres
862 1474 1154 1525 exornent
1180 1461 1441 1545 undique
1470 1479 1633 1540 certe

149 1575 157 1591 “
247 1566 436 1654 Atria,
468 1565 748 1638 nobilitas,
762 1565 886 1636 sola
915 1578 1005 1628 est
1034 1577 1211 1648 atque
1242 1565 1419 1638 unica,
1444 1563 1645 1628 vinus-

247 1668 513 1744 Paullus,
541 1667 914 1758 vel-Cossus,
944 1669 1040 1732 vel
1067 1668 1325 1752 Drusus,
1352 1668 1615 1752 moribus
1644 1680 1803 1733 esto:

247 1771 382 1834 Hos
413 1784 546 1833 ante
577 1772 814 1858 effigie-53
831 1773 1122 1858 majorum
1149 1793 1313 1856 pone
1336 1785 1629 1850 tuorum-:-

247 1872 606 1936 Praecedant
632 1873 788 1958 ipsas
809 1875 918 1959 illi,
950 1888 1007 1937 te
1037 1873 1303 1951 consule,
1334 1873 1545 1957 virgas.
1666 1937 1673 1941 ,

246 1974 452 2041 Prima
485 1975 623 2037 mihi
651 1976 836 2039 debes
868 1975 1252 2053 animibona.
1345 1974 1599 2039 Sanctus
1629 1972 1836 2057 haberi

243 2078 606 2160 Justitiaeque
637 2092 818 2141 tenax
847 2078 1018 2154 sactis
1047 2079 1335 2161 dictisque
1367 2077 1659 2145 mereris?

245 2181 525 2263 Agnosco
554 2202 888 2263 procerem.
983 2182 1183 2256 Salve,
1216 2181 1525 2255 Gaetulice,
1556 2201 1669 2243 seu
1696 2193 1758 2243 tu

247 2284 502 2363 Silanus,
534 2306 887 2369 quocunque
919 2287 1032 2349 alio
1063 2286 1140 2349 de
1171 2286 1474 2369 sanguine,
1520 2306 1687 2348 rarus

243 2386 411 2451 Civis
441 2403 501 2452 et
529 2391 802 2474 egregius
831 2391 1034 2473 patriae
1067 2389 1357 2472 contingis
1383 2390 1601 2451 ovanti.

243 2490 608 2555 Exclamare
637 2494 798 2567 libet,
824 2494 1078 2575 populus
1107 2494 1267 2575 quod
1296 2493 1531 2568 clamat,
1562 2492 1721 2555 Osiri

242 2593 510 2658 Invento·
602 2595 758 2669 Quis
787 2596 944 2657 enim
972 2616 1328 2677 generosum
1360 2596 1573 2657 dixerit
1603 2596 1785 2673 hunc,
1811 2597 1909 2680 qui

235 2700 522 2782 'Indignus
549 2720 790 2782 genere,
822 2712 880 2761 et
907 2698 1196 2782 praeclaro
1226 2700 1463 2762 nomine
1492 2700 1717 2763 tantum

240 2788 532 2887 Insignis?
623 2802 870 2867 Nanum
899 2803 1212 2888 cujusdam
1242 2805 1481 2868 Atlanta
1510 2826 1815 2891 vocamuS,

241 2909 589 2993 AEthiopem
617 2930 896 2992 cycnum,
926 2929 1168 2991 pravam
1200 2922 1611 2993 extortamque
1640 2908 1901 2992 puellam

241 3010 526 3095 Europen
551 3036 567 3075 ε
611 3014 858 3077 canibus
885 3013 1064 3097 pigris
1094 3013 1415 3098 scabieque
1445 3012 1675 3076 vetusta

239 3115 523 3194 Levibus,
553 3131 615 3180 et
642 3118 816 3183 siccae
845 3118 1238 3184 lambentibus
1268 3140 1371 3180 ora
1400 3117 1677 3195 lucernae,

236 3219 478 3285 Nomen
510 3221 620 3284 erit
645 3224 886 3305 parduS‚
915 3223 1097 3306 tigris,
1127 3222 1244 3297 lec,
1274 3223 1323 3285 si
1354 3222 1493 3306 quid
1525 3222 1719 3285 adhuc
1750 3237 1857 3298 est,

235 3322 420 3398 Quod
449 3324 705 3390 fremat
690 3348 748 3391 ιι]
778 3328 946 3390 terris
974 3326 1301 3389 violentius.
1395 3325 1561 3409 Ergo
1591 3300 1849 3404 cavebiS,

235 3426 320 3490 Et
347 3442 600 3507 metues,
629 3452 707 3494 ne
736 3445 800 3495 tu
831 3432 910 3496 sis
941 3431 1218 3554 Creticus
1250 3446 1347 3496 aut
1377 3412 1855 3563 Camerinus!

1021 3646 1066 3656 ..φ

1822 3732 1883 3767 ,Χ

2128 523 2216 594 10

2124 1044 2217 1118 1εῆ

2106 2080 2197 2137 25

2024 2557 2193 2659 —ao

2062 3102 2080 3116 ‘
2104 3122 2195 3199 35.
