2411 3890
976 248 1221 301 samu
1248 248 1344 301 xl.
2053 246 2138 309 93

194 392 527 479 Quisquam
560 396 691 471 erit,
718 409 781 459 et
806 418 1043 481 magno.
1135 396 1346 470 Quum
1375 416 1608 481 posces,
1635 414 1820 479 posce
1849 390 2086 457 Latine.

194 497 365 561 Idem
391 499 629 563 habitus
658 501 903 577 cunctis,
932 502 1083 565 tonsi
1110 502 1376 585 rectique
1406 500 1622 584 capilli,

196 602 393 686 Atque
422 604 605 665 hodie
634 604 859 667 tantum
886 619 1125 689 propter
1154 606 1421 669 convivia
1449 605 1614 688 pexi.
2017 603 2140 661 150

197 705 457 771 Pastoris
485 708 615 770 duri
643 708 741 773 hic
771 722 863 771 est
880 710 1059 785 filius»,
1089 710 1183 772 ille
1212 710 1475 773 bubulci.

200 808 467 893 Suspirat
490 813 669 895 longo
696 834 815 875 non
840 813 1027 875 visam
1052 826 1322 897 tempore
1353 828 1624 889 matrem,
1697 852 1706 859 ·

198 912 279 977 Et
306 916 573 978 casulam
601 929 663 979 et
687 930 858 979 notos
883 917 1057 981 tristis
1086 917 1386 981 desiderat
1411 917 1610 981 haedos

198 1016 446 1100 Ingenui
474 1018 665 1081 vultus
691 1042 841 1103 puer
866 1020 1226 1103 ingenuique
1251 1021 1514 1103 pudoris,

200 1120 429 1195 Quales
459 1144 591 1187 esse
620 1124 815 1199 decet,
848 1146 995 1208 quos
1024 1126 1240 1187 ardens
1268 1144 1528 1206 purpura
1553 1122 1744 1189 vestit·
1745 1156 1836 1171 --
2019 1124 2138 1183 155

204 1224 323 1289 Hic
352 1226 459 1315 tibi
484 1228 621 1289 vina
648 1228 826 1304 dabit,
858 1228 1111 1289 diffusa
1096 1249 1157 1287 m
1184 1227 1476 1289 montibus
1503 1226 1632 1301 inis,

201 1332 262 1393 A
287 1331 541 1414 quibus
526 1352 652 1414 ipse
681 1332 859 1408 venit,
890 1352 1143 1415 qnorum
1170 1332 1280 1393 sub
1309 1331 1530 1393 vertice
1559 1331 1735 1394 lusit·

200 1434 485 1519 Namque
513 1457 633 1497 una
662 1448 837 1517 atque
866 1436 1083 1497 eadem
1112 1449 1203 1497 est
1228 1436 1346 1497 vini
1375 1436 1558 1518 patria
1589 1448 1764 1519 atque
1791 1433 2144 1499 ministri.—

202 1538 346 1601 Non
377 1539 539 1621 capit
562 1539 675 1601 has
698 1560 887 1620 nugas
912 1540 1149 1603 humilis
1176 1540 1408 1603 domuS.
1497 1541 1721 1603 Audiat
1747 1538 1844 1601 ille

198 1640 525 1707 Testarum
555 1643 813 1725 crepitus
840 1665 979 1707 cum
1006 1644 1220 1720 verbis,
1245 1646 1474 1707 nudum
1501 1645 1662 1707 olido
1689 1657 1848 1707 stans
2022 1644 2144 1705 160

203 1744 469 1809 Fornice
500 1748 859 1830 mancipium
888 1748 1099 1829 quibus
1127 1748 1412 1825 abstinet3
1453 1748 1562 1811 ille
1581 1746 1804 1809 fruatur

201 1848 471 1914 Vocibus
499 1852 793 1914 obseoenis
820 1852 1099 1933 omnique
1125 1850 1378 1913 libidinis
1405 1864 1554 1925 arte,

204 1956 333 2030 Qui
362 1956 891 2020 Lacedaemonium
925 1954 1236 2039 pytismate
1261 1955 1512 2018 lubricat
1537 1956 1746 2018 orbem
1771 1975 1788 2016 ε

206 2060 493 2143 Namque
520 2061 602 2124 ibi
632 2060 908 2124 Fortunae
939 2060 1169 2123 veniam
1200 2061 1432 2124 damus.
1519 2059 1678 2139 Alea
1701 2059 1906 2143 turpiS,

204 2163 420 2250 Turpe
450 2181 511 2230 et
540 2168 889 2231 adulterium
917 2168 1334 2232 mediocribus.
1424 2165 1578 2231 Haec
1607 2167 1822 2230 eadem
1847 2162 1928 2228 illi
2027 2163 2149 2226 165

208 2271 435 2336 Omnia
466 2293 649 2357 quum
678 2270 914 2348 faciant,
945 2266 1159 2335 hilares
1184 2265 1468 2356 nitidique
1498 2279 1801 2335 vocantur.

210 2379 437 2445 Nostra
466 2377 689 2441 dabunt
716 2376 859 2440 alios
886 2376 1063 2438 hodie
1092 2376 1357 2439 convivia
1385 2376 1558 2438 ludos
1584 2399 1600 2437 ε

210 2484 512 2550 Conditor
539 2486 755 2550 Iliados
784 2484 1127 2572 cantabitur,
1158 2498 1334 2585 atque
1363 2481 1626 2561 Maronis

214 2591 468 2654 Altisoni
498 2591 737 2654 dubiam
768 2591 1041 2682 facientia
1068 2592 1333 2662 carmina
1359 2603 1642 2684 palmam.

215 2693 383 2768 Quid
416 2691 615 2773 refert,
644 2696 791 2758 tales
820 2719 1021 2760 versus
1051 2701 1171 2782 qua
1197 2724 1346 2765 voce
1375 2706 1686 2787 legantur?
2036 2713 2161 2779 lm

304 2799 435 2861 Sed
463 2821 621 2861 nune
650 2800 839 2862 dilatis
870 2813 1067 2864 averte
1096 2805 1330 2884 negotia
1359 2809 1536 2881 euriS‚

220 2900 305 2964 Et
330 2915 559 2985 gratam
589 2905 857 2986 requiem
887 2904 1043 2966 dona
1070 2905 1191 2979 tibi,
1223 2909 1458 2988 quando
1487 2909 1686 2972 licebit

218 3005 343 3068 Per
370 3019 555 3068 totam
584 3029 819 3071 cessare
850 3008 1045 3070 diem.
1092 3029 1208 3069 non
1238 3008 1476 3074 foenoris
1504 3013 1621 3074 ulla

216 3108 471 3186 Menti0,
498 3131 635 3186 nec,
664 3111 854 3194 prima
882 3113 928 3176 si
957 3112 1091 3175 luce
1120 3133 1376 3196 egressa,
1407 3116 1619 3178 reverti

222 3213 423 3278 Nocte
455 3215 621 3291 solet,
650 3216 827 3278 tacito
855 3217 1033 3280 bilem
1062 3219 1165 3282 tibi
1192 3220 1498 3281 contrahat
1526 3243 1696 3286 uxor.
1699 3261 1789 3278 --
2035 3220 2158 3296 176·

222 3317 521 3383 Protenus
550 3333 684 3382 ante
716 3341 937 3398 meum,
968 3323 1252 3405 quidquid
1283 3323 1460 3401 dolet,
1491 3348 1648 3391 exue
1679 3330 1896 3393 limen.

225 3418 396 3493 Pone
429 3424 675 3491 domum
704 3438 1009 3508 etseron
1040 3440 1101 3489 et
1128 3427 1410 3522 quidquid
1441 3429 1718 3524 frangitur
1745 3419 1876 3520 illis⁸
