2411 3890
270 277 354 339 58
873 275 938 322 n.
970 269 1158 324 surm
1188 271 1569 322 summus

262 421 346 488 Et
373 437 575 487 tamen
605 435 696 486 est
721 423 828 486 illis
857 425 972 487 hoc
1003 424 1142 488 utile
1165 411 1204 483 ε’
1226 441 1487 506 purpura
1516 419 1717 484 vendit
1960 417 1977 426 “
2090 419 2209 480 135

261 529 672 604 Causidicum,
703 528 966 590 vendunt
995 527 1428 610 amethystina:
1472 525 1747 589 convenit
1774 524 1880 590 illis

259 633 344 698 Et
371 634 634 718 strepitu,
666 647 728 696 et
756 632 908 696 facie
939 633 1176 718 majoris
1204 633 1405 695 vivere
1434 631 1671 694 census.

259 738 386 802 Sed
417 739 599 801 finem
628 740 910 823 impensae
939 761 1056 802 non
1087 753 1281 801 servat
1310 737 1557 821 prodiga
1586 736 1809 800 Roma.

255 841 528 908 Fidimus
558 845 842 928 eloquio?
933 843 1215 908 Ciceroni
1246 863 1427 906 nemo
1458 843 1745 905 ducentos

251 945 435 1012 Nunc
465 949 696 1012 dederit
725 969 1016 1024 nummos,
1047 949 1152 1012 nisi
1183 947 1409 1010 fulserit
1438 947 1689 1010 annulus
1716 947 1940 1029 ingens.
2082 950 2207 1009 140

251 1051 526 1136 Respicit
553 1055 683 1118 haec
712 1054 988 1138 primum,
1021 1054 1119 1138 qui
1150 1054 1353 1136 litigat,
1384 1075 1459 1114 an
1488 1052 1590 1114 tibi
1620 1037 1771 1115 serii

167 1123 429 1237 Nocte,
463 1161 679 1224 decem
708 1161 976 1236 comites,
1009 1181 1081 1222 an
1111 1173 1247 1243 post
1274 1172 1331 1221 te
1367 1157 1531 1233 sella,
1562 1159 1741 1240 togati

245 1265 406 1328 Ante
434 1266 645 1349 pedes.
736 1266 886 1328 Ideo
913 1265 1213 1329 conducta.
1238 1263 1485 1327 Paullus
1516 1263 1727 1344 agebat

248 1367 660 1451 Sardonyche,
691 1383 865 1452 atque
897 1370 1033 1430 ideo
1061 1369 1243 1450 pluris
1274 1368 1453 1451 quam
1482 1367 1711 1430 Cossus
1746 1367 1979 1450 agebat,

245 1469 451 1545 Quam
481 1472 736 1535 Basilus.
828 1472 994 1535 Rara
1021 1473 1082 1533 in
1111 1473 1273 1535 tenui
1302 1472 1581 1536 facundia
1608 1480 1823 1556 paene.
2070 1477 2197 1536 145

243 1573 508 1650 Quando
537 1577 677 1639 licet
705 1575 908 1639 Basilo
937 1576 1178 1640 flentem
1210 1579 1541 1661 producere
1570 1576 1872 1642 matrem?

242 1667 398 1755 Quis
426 1681 582 1744 bene
611 1681 914 1744 dicentem
942 1682 1215 1746 Basilum
1244 1683 1436 1746 serat?
1526 1683 1803 1768 Accipiat
1829 1695 1888 1746 te

241 1783 456 1862 Gallia,
487 1786 583 1849 vel
610 1786 1120 1869 potifianutricula
1147 1788 1587 1852 causidicorum

238 1887 463 1969 Africa,
495 1890 543 1953 si
571 1890 792 1981 placuit
819 1891 1166 1955 mercedem
1194 1912 1421 1977 ponere
1450 1893 1685 1976 linguae.

323 1997 686 2061 Declamare
717 1997 953 2063 doces?
1045 1998 1106 2060 Ο
1136 1997 1329 2061 ferrea
1358 2012 1603 2081 pectora
1629 1997 1831 2075 Vect‘i‚
1990 1982 2008 1998 ⁶
2062 2006 2187 2063 150

235 2101 445 2176 Quum
475 2103 710 2186 perimit
735 2124 922 2166 saevos
951 2103 1156 2167 classis
1179 2123 1497 2165 numerosa
1524 2114 1800 2183 tyrannos
1828 2104 1841 2165 Ε
2138 2112 2157 2127 “

232 2206 397 2270 Nam
427 2227 796 2291 quaecunque
823 2207 1042 2269 sedens
1069 2205 1254 2268 modo
1282 2206 1528 2289 legerat,
1556 2206 1685 2269 haec
1714 2208 1931 2271 eadem
1961 2223 2119 2273 stans

231 2309 527 2389 Proferet,
559 2326 736 2397 atque
765 2313 984 2376 eadem
1012 2312 1271 2377 cantabit
1298 2312 1563 2375 versibus
1587 2310 1802 2377 isdem.
2198 2304 2207 2313 ⁶

229 2415 472 2480 Occidit
499 2419 748 2481 miseros
777 2420 1022 2482 crambe
1050 2418 1299 2501 repetita
1328 2417 1655 2501 magistros.

228 2518 383 2593 Quis
403 2522 584 2597 color,
609 2535 668 2583 et
690 2521 848 2605 quod
871 2523 946 2583 sit
965 2543 1156 2584 causae
1179 2544 1387 2603 genua„
1410 2535 1587 2603 atque
1610 2522 1707 2585 ubi
1728 2541 1963 2602 summa
2062 2530 2175 2588 155

226 2623 512 2701 Quaestio,
545 2646 673 2707 quae
702 2624 940 2687 veniant
966 2625 1211 2687 diversae
1244 2624 1391 2687 forte
1424 2626 1662 2708 sagittae,

223 2720 424 2793 Nosse
454 2730 632 2791 velint
660 2750 890 2805 omnes,
921 2730 1271 2793 mercedem
1300 2730 1528 2795 solvere
1558 2754 1758 2795 nem0.

220 2833 575 2898 Mercedem
606 2832 918 2918 appellas?
965 2836 1104 2920 quid
1135 2836 1295 2899 enim
1325 2838 1451 2900 scio
1476 2836 1501 2900 ?
1592 2824 1791 2923 Culpa
1822 2838 2093 2907 docentis

222 2938 472 3003 Scilicet
503 2939 778 3022 arguitur,
811 2939 967 3024 quod
1001 2940 1149 3005 laeva
1175 2942 1235 3004 in
1265 2957 1433 3027 parte
1464 2944 1737 3007 mamillae

217 3041 326 3106 Nil
353 3043 483 3107 salit
511 3045 810 3108 Arcadico
829 3044 1053 3130 juveni,
1084 3046 1255 3130 cujus
1284 3050 1424 3111 mihi
1456 3050 1631 3114 sexta
2044 3057 2167 3117 160

216 3144 477 3231 Quaque
509 3149 606 3210 die
637 3150 916 3213 miserum
947 3151 1108 3215 dirus
1137 3168 1318 3235 caput
1348 3152 1642 3219 Hannibal
1672 3158 1915 3242 implet3

214 3249 523 3336 Quidquid
553 3254 613 3315 id
645 3268 752 3330 est,
785 3254 862 3317 de
894 3277 1012 3339 quo
1044 3256 1351 3335 deliberat,
1384 3282 1457 3323 an
1488 3274 1652 3344 petat
1679 3261 1911 3327 Urbem

211 3356 272 3429 Α
301 3355 546 3434 CanniS‚
577 3380 652 3421 an
679 3372 812 3442 post
840 3358 1070 3423 nimbos
1101 3376 1160 3425 et
1181 3362 1423 3425 fulmina
1452 3379 1661 3429 cautus

211 3457 597 3552 Circumagat
625 3463 896 3533 madidas
925 3486 964 3529 a
990 3478 1343 3553 tempestate
1374 3469 1669 3537 cohortes.

1979 1772 1999 1808 8
