2411 3890
254 280 338 341 86
892 280 960 329 n.
990 281 1179 331 -smm
1209 280 1589 331 mVENALrs

252 424 381 489 Sed
410 440 570 491 vetat
596 429 781 511 optari
812 426 1027 491 faciem
1056 429 1362 505 Lucretia,
1391 429 1628 511 qualem
2065 427 2212 486 285

247 528 384 611 Ipsa
414 531 615 593 habuit
642 553 658 591 ε
702 546 949 614 cuperet
978 533 1199 597 Rutilae
1231 532 1495 616 Virginia
1521 532 1763 615 gibbum

244 635 565 717 Accipere,
598 649 775 719 atque
804 658 975 699 suam
1007 638 1230 701 Rutilae
1257 638 1423 701 dare.
1515 636 1704 699 Filius
1730 647 1932 697 autem

244 724 528 820 Corporis
558 742 775 823 egregii
806 742 1051 803 miseros
1080 742 1456 825 trepidosque
1485 756 1762 824 parentes

242 842 500 926 Semper
527 845 724 908 habet.
818 845 983 909 Rara
1010 859 1102 909 est
1131 846 1286 907 adeo
1315 846 1632 909 concordia
1663 844 1864 907 sormae

237 946 437 1029 Atque
466 950 757 1031 pudicitiae
782 952 797 1013 ἔ
891 950 1141 1013 Sanctos
1168 951 1308 1013 licet
1335 951 1570 1015 horrida
1600 971 1796 1011 mores
2017 1026 2028 1037 ⁸
2058 950 2206 1009 290

236 1050 579 1115 Tradiderit
609 1055 841 1131 domus,
874 1076 944 1117 ac
972 1068 1208 1117 veteres
1237 1055 1455 1118 imitata
1490 1054 1786 1131 Sabinos;

236 1155 545 1223 Praeterea
574 1173 800 1222 castum
831 1160 1129 1242 ingenium
1159 1160 1500 1242 vultumque
1531 1159 1802 1221 modesto

162 1312 195 1336 ,
236 1260 536 1345 Sanguine
568 1262 895 1329 ferventem
917 1243 1131 1328 tribuat
1156 1278 1364 1327 natura
1395 1261 1650 1346 benigna

230 1364 425 1447 Larga
461 1388 681 1445 manu;
730 1367 899 1450 (quid
931 1369 1087 1429 enim
1118 1390 1306 1450 puero
1335 1367 1604 1429 conferre
1635 1378 1830 1449 potest
1855 1366 1988 1449 plus

228 1467 497 1531 Custode
528 1483 589 1530 et
617 1470 764 1531 cura
790 1484 996 1533 natura
1024 1473 1318 1553 potentior
1345 1472 1504 1533 omni
1532 1471 1588 1555 ?)
2049 1473 2190 1533 295

225 1570 292 1632 N
292 1592 368 1631 on
397 1573 536 1633 licet
564 1594 695 1635 esse
724 1574 859 1637 viris
884 1595 901 1634 z
945 1594 1083 1635 nam
1114 1576 1364 1658 prodiga
1391 1576 1749 1658 corruptoris

224 1674 575 1757 Improbitas
604 1676 763 1759 ipsos
792 1679 974 1740 audet
998 1692 1228 1740 tentare
1258 1694 1644 1761 parentes·—

224 1778 351 1839 Sed
383 1794 546 1841 casto
578 1781 719 1863 quid
750 1780 938 1843 forma
967 1781 1185 1845 nocet?
1235 1783 1374 1864 quid
1407 1783 1620 1865 profuit
1648 1783 1832 1845 immo

223 1882 550 1968 Hippolyto
580 1908 758 1970 grave
789 1886 1201 1972 propositum?
1249 1887 1389 1970 quid
1418 1885 1916 1970 Bellerophonti?

222 1987 479 2052 Erubuit
508 1973 725 2076 nempe
756 1993 905 2067 haec,
936 2015 1050 2056 ceu
1081 1992 1354 2068 fastidita,
1386 1992 1640 2074 repulsa.
2045 1993 2182 2052 300

221 2092 359 2154 Nec
394 2093 759 2156 Sthenoboea
788 2096 999 2171 minus,
1032 2095 1209 2176 quam
1242 2094 1482 2168 Cressa,
1516 2094 1856 2169 excanduit,
1887 2106 1948 2156 et
1975 2114 2038 2156 se

222 2195 601 2258 Concussere
634 2199 853 2260 ambae.
944 2198 1165 2260 Mulier
1193 2197 1516 2259 saevissima
1547 2211 1686 2260 tunc
1717 2212 1826 2274 est,

222 2297 431 2372 Quum
461 2300 723 2364 stimulos
750 2301 889 2364 odio
920 2303 1111 2386 pudor
1138 2302 1438 2364 admovet.
1515 2287 1705 2383 'Elige
1737 2302 2020 2384 quidnam

224 2404 613 2467 Suadendum
646 2428 778 2468 esse
807 2421 999 2489 puteS,
1031 2407 1127 2470 cui
1158 2409 1384 2468 nubere
1417 2405 1673 2468 Caesaris
1697 2427 1849 2468 uxor

220 2508 495 2570 Destinat
518 2507 545 2569 ?
636 2509 913 2590 Optimus
941 2511 1037 2570 hic
1068 2525 1128 2570 et
1156 2509 1608 2572 formosissimus
1633 2511 1796 2575 idem
1955 2511 1972 2526 '
2043 2515 2174 2574 305

224 2611 433 2672 Gentis
462 2611 715 2693 patriciae
744 2611 965 2692 rapitur
992 2611 1171 2672 miser
1193 2593 1654 2694 eristinguendus
2051 2619 2057 2624 ’

224 2716 556 2778 Messalinae
586 2715 810 2777 oculis:
856 2715 1080 2776 dudum
1112 2715 1282 2776 sedet
1310 2717 1406 2778 illa
1438 2701 1638 2798 p'arato

222 2819 616 2898 Flamme010,
648 2820 989 2904 Tyriusque
1020 2820 1216 2904 palam
1245 2821 1488 2905 genialis
1517 2822 1573 2885 in
1604 2823 1782 2887 hortis

224 2928 534 3004 Sternitur,
566 2940 625 2989 et
653 2918 765 2990 ritu
797 2928 999 2990 decies
1028 2941 1282 2990 centena
1313 2928 1603 2990 dabuntur

218 3032 479 3113 Antiquo
506 3055 525 3111 3
570 3033 767 3095 veniet
794 3053 931 3094 cum
962 3033 1348 3114 signatoribus
1373 3053 1626 3116 auspex.
2039 3037 2174 3098 310

219 3134 373 3198 Haec
406 3150 465 3197 tu
494 3152 724 3200 secreta
756 3151 816 3199 et
842 3137 1047 3220 paucis
1078 3138 1396 3198 commissa
1423 3136 1720 3219 putabas?

216 3241 379 3317 Non,
409 3241 515 3304 nisi
545 3241 823 3321 legitime,
853 3242 975 3304 vult
1002 3241 1247 3302 nubere.
1283 3219 1504 3334 s-Quid
1535 3242 1788 3322 placeat,
1819 3242 1958 3304 dic:

214 3345 299 3407 Ni
332 3367 537 3427 parere
569 3345 730 3419 veliS,
758 3346 1128 3427 pereundum
1158 3345 1268 3405 erit
1299 3357 1433 3405 ante
1462 3344 1734 3407 lucernas
1760 3367 1778 3406 :

221 3449 285 3512 Si
316 3451 509 3514 scelus
539 3450 830 3524 admittas,
863 3449 1093 3513 dabitur
1122 3470 1290 3511 mora
1317 3448 1580 3530 parvula,
1611 3450 1754 3512 dum
1785 3470 1884 3512 res
