2411 3890
765 112 791 140 d

877 297 890 306 -
987 275 1233 324 SATIRA
1263 275 1354 323 vl.
2056 269 2139 326 39

265 431 486 506 Parce,
512 449 744 513 precor,
777 427 981 501 Paean,
1011 439 1072 487 et
1101 439 1182 500 tu,
1216 424 1377 500 Dea,
1410 441 1563 508 pone
1594 419 1873 506 sagitta83
2014 417 2135 476 135

181 535 284 600 Nil
313 536 480 620 pueri
512 533 748 608 faciunt,
780 533 969 614 ipsam
1003 531 1279 613 configite
1312 543 1564 592 matrem
1590 529 1605 590 l

181 641 484 725 Amphion
514 639 732 700 clamat
757 659 772 697 ε
817 635 924 698 sed
955 634 1138 696 Paean
1169 633 1461 696 contrahit
1490 653 1717 695 arcum.

183 745 416 810 Extulit
445 767 587 827 ergo
618 765 830 827 greges
862 757 1131 806 natorum
1162 741 1473 824 ipsumque
1506 751 1833 821 parentem,

180 851 350 914 Dum
382 851 487 913 sibi
519 849 766 911 nobilior
793 849 1040 912 Latonae
1074 862 1251 930 gente
1280 847 1531 920 videtur,
1852 917 1861 924 ,

181 957 384 1038 Atque
415 955 632 1016 eadem
655 953 852 1016 scr-osii
882 954 1080 1018 Niobe
1113 951 1445 1014 foecundior
1476 949 1629 1013 alba.
2014 949 2137 1008 140

181 1059 339 1134 Quae
373 1059 511 1121 tanti
542 1058 816 1140 gravitas,
847 1079 976 1141 quae
1009 1057 1219 1133 forma,
1254 1071 1316 1119 ut
1344 1077 1409 1120 se
1438 1055 1541 1117 tibi
1571 1074 1808 1136 semper

177 1162 492 1248 Imputet?
583 1161 780 1246 Hujus
810 1164 969 1224 enim
1002 1163 1116 1224 rari
1147 1161 1481 1242 summique
1512 1160 1781 1242 voluptas

179 1269 369 1332 Nulla
397 1267 556 1344 boni,
589 1267 817 1350 quoties
847 1268 1044 1330 animo
1075 1265 1639 1348 corruptasuperbo

175 1373 332 1436 Plus
361 1372 554 1448 aloesf
573 1371 750 1455 quam
781 1373 992 1448 melli5‚
1024 1372 1223 1434 habet.
1318 1369 1473 1444 Quis
1504 1369 1736 1434 deditus
1768 1382 1967 1432 autem

174 1475 390 1560 Usque
421 1476 576 1539 adeo
605 1493 715 1554 est,
747 1490 811 1541 ut
839 1499 954 1539 non
984 1477 1162 1552 illam,
1195 1498 1375 1560 quarn
1404 1477 1679 1540 laudibus
1708 1475 1899 1551 effert,
2020 1479 2133 1536 145

177 1581 462 1659 Hori-eat,
497 1583 674 1665 inque
706 1582 864 1644 diem
896 1582 1154 1666 septenis
1183 1581 1378 1644 oderit
1405 1579 1610 1644 horis?

265 1685 566 1762 Quaedam
594 1709 776 1771 parva
803 1689 1068 1771 quidem,
1100 1688 1205 1751 sed
1237 1709 1356 1749 non
1384 1686 1691 1749 toleranda
1719 1686 1959 1750 maritis.

171 1793 344 1857 Nam
373 1793 513 1876 quid
546 1793 858 1869 rancidius‚
891 1793 1067 1876 quam
1100 1793 1260 1876 quod
1292 1815 1357 1855 se
1386 1814 1503 1854 non
1537 1806 1702 1875 putat
1731 1793 1847 1854 ulla

173 1897 556 1974 Formosam,
585 1897 694 1961 nisi
726 1918 854 1981 quae
887 1899 964 1960 de
993 1896 1204 1961 Tusca.
1234 1895 1511 1960 Graecula
1542 1895 1697 1959 facta
1730 1895 1865 1959 est?

20 1984 22 1997 Ι
87 2084 92 2091 ¹
169 2004 276 2067 De
311 2003 690 2066 Sulmonensi
717 2025 886 2065 mera
916 2001 1262 2086 Cecropis?
1354 2002 1579 2065 Omnia
1610 2001 1859 2078 Graece,
2016 2006 2139 2063 150

151 2107 386 2184 -Quum
421 2108 494 2171 sit
523 2122 693 2192 turpe
724 2107 912 2191 magis
941 2108 1150 2171 nostris
1179 2108 1413 2199 nescire
1445 2108 1685 2171 Latine.

172 2213 320 2277 Hoc
350 2234 626 2276 sermone
655 2228 892 2296 pavent,
925 2214 1040 2277 hoc
1069 2214 1241 2291 iram,
1274 2216 1511 2297 gaudia,
1542 2236 1738 2289 curaS‚

173 2316 320 2382 Hoc
349 2332 567 2381 cuncta
596 2308 904 2380 effundunt
934 2318 1108 2379 animi
1141 2332 1393 2381 secreta.
1487 2318 1657 2389 Quid
1686 2317 1983 2427 ultr&

259 2422 330 2485 Si
358 2422 460 2484 tibi
489 2421 764 2505 legitimis
792 2434 1028 2505 pactam
1049 2422 1441 2507 junctamque
1472 2422 1702 2485 tabellis

167 2527 315 2591 Non
347 2547 413 2589 es
443 2540 761 2603 amaturuS,
795 2527 1054 2590 ducendi
1087 2529 1245 2591 nulla
1274 2516 1506 2591 ridetur
2011 2536 2127 2593 155

167 2631 378 2697 Causa
401 2653 422 2710 3
468 2652 582 2693 nec
613 2644 722 2706 est,
755 2652 936 2713 quare
967 2655 1203 2697 coenam
1236 2648 1296 2697 et
1324 2651 1632 2697 mustacea
1662 2636 1897 2719 perdaS,

167 2736 452 2800 Labente
483 2735 700 2810 officio,
733 2736 932 2799 crudis
963 2738 1241 2801 donanda
1265 2762 1285 2817 3
1330 2762 1445 2801 nec
1474 2739 1639 2814 illud,

167 2840 358 2914 Quod
389 2837 582 2923 prima
609 2861 716 2922 pro
745 2855 924 2903 nocte
956 2842 1145 2917 datur,
1179 2864 1363 2925 quum
1394 2846 1567 2905 lance
1598 2842 1775 2905 beata

165 2945 460 3020 Dacicus,
495 2956 554 3005 et
582 2945 800 3029 scripto
828 2945 1018 3008 radiat
1047 2945 1446 3009 Germanicus
1477 2970 1639 3013 auro.

167 3051 236 3113 Si
265 3050 367 3113 tibi
398 3047 738 3131 simplicitas
765 3051 994 3127 uxoria,
1029 3050 1267 3113 deditus
1298 3052 1398 3113 uni
2002 3062 2125 3120 160
2176 3044 2245 3141 ζ

167 3154 284 3218 Est
315 3154 582 3231 animus3
626 3155 902 3218 submitte
932 3170 1112 3239 caput
1139 3158 1375 3219 cervice
1406 3159 1611 3240 parata

169 3256 364 3321 Ferre
383 3257 596 3342 jugum
625 3280 640 3319 ε
684 3259 904 3321 nullam
935 3260 1219 3338 invenieS,
1252 3282 1377 3345 quae
1409 3280 1615 3347 parcat
1645 3268 1886 3330 amanti.

167 3362 398 3427 Ardeat
417 3362 543 3446 ipsa
573 3362 730 3440 licet,
760 3366 1062 3429 tormentis
1091 3366 1314 3449 gaudet
1344 3372 1593 3435 amantis

171 3466 255 3533 Et
285 3468 503 3555 spoliis.
593 3466 776 3557 Igitur
803 3470 976 3553 longe
1009 3471 1202 3535 minus
1232 3472 1387 3542 utilis
1414 3475 1492 3541 illi
1840 3563 1865 3597 Ι
