2411 3890
266 246 387 307 126
910 243 976 291 D.
1008 242 1197 293 JUNII
1227 240 1611 293 JUVENALIS

259 388 373 453 Vel
408 388 525 472 quo
554 410 671 455 non
700 388 961 470 sugeret,
980 390 1028 452 si
1058 410 1216 453 nunc
1245 390 1374 451 haec
1403 392 1664 453 monstra
1691 385 1917 451 videret

257 492 646 577 Pythagoras,
676 493 908 555 cunctis
934 494 1280 555 animalibus
1309 491 1712 575 abstinuitqui

255 598 573 682 Tanquam
601 598 861 675 homine,
892 610 953 661 et
978 598 1165 661 ventri
1192 597 1432 661 indulsit
1456 615 1576 659 non
1603 616 1784 660 omne
1811 595 2142 681 legumen?

695 748 746 794 Ἀ

950 1234 1279 1300 SATIRA
1322 1232 1496 1297 XVI.

242 1445 411 1517 Qms
442 1466 753 1507 numerare
784 1458 963 1528 queat
990 1442 1177 1505 felicis
1204 1444 1474 1526 praemia,
1507 1444 1704 1520 Galle,

237 1548 467 1610 Militiae
494 1548 521 1609 ?
610 1548 773 1611 Nam
804 1548 850 1610 si
882 1549 1202 1609 subeuntur
1232 1568 1516 1629 prospera
1547 1562 1760 1623 castra,

235 1652 345 1714 Me
374 1652 655 1734 pavidum
687 1651 944 1734 excipiat
972 1652 1222 1712 tironem
1253 1664 1419 1732 porta
1449 1652 1720 1714 secundo

238 1756 451 1818 Sidere
479 1779 495 1817 z
546 1757 677 1839 plus
707 1757 923 1818 etenim
957 1754 1058 1817 fati
1086 1755 1242 1817 valet
1269 1755 1415 1816 hora
1444 1755 1702 1837 benigni,

233 1854 436 1931 Quam
468 1858 515 1920 si
545 1878 653 1921 nos
679 1856 935 1921 Veneris
965 1856 1349 1920 commendet
1379 1856 1625 1939 epistola
1655 1854 1854 1932 Marti,
2151 1865 2192 1921 5

229 1961 315 2025 Et
346 1963 550 2027 Samia
577 1964 825 2046 genitrix
858 1985 985 2046 quae
1018 1963 1346 2026 delectatur
1376 1960 1576 2024 arena.

316 2066 655 2129 Commoda
686 2078 1004 2129 tractemus
1031 2068 1288 2148 primum
1319 2066 1678 2141 communia,
1711 2085 1964 2148 quorum

229 2167 413 2231 Haud
444 2171 749 2232 minimum
780 2169 921 2232 illud
954 2170 1081 2246 erit,
1112 2191 1189 2231 ne
1218 2183 1278 2231 te
1308 2169 1548 2252 pulsare
1579 2183 1810 2252 togatus

224 2275 509 2354 Audeat;
552 2275 755 2351 immo,
786 2273 892 2337 etsi
923 2276 1203 2358 pulsetur,
1237 2274 1582 2349 dissimulet,
1611 2293 1725 2338 nec

220 2379 463 2442 Audeat
491 2401 777 2443 excussos
807 2380 1047 2463 praetori
1076 2379 1396 2443 ostendere
1427 2379 1658 2455 dentes,
2101 2389 2184 2447 10

221 2481 307 2544 Et
334 2484 556 2564 nigram
587 2483 645 2544 in
676 2483 829 2544 facie
860 2485 1097 2547 tumidis
1124 2484 1402 2545 livoribus
1430 2484 1634 2560 offam,

214 2586 415 2668 Atque
444 2587 686 2647 oculum
714 2585 953 2646 medico
982 2586 1063 2648 nil
1089 2573 1466 2667 promittente
1491 2589 1780 2652 relictum.

214 2689 551 2752 Bardaicus
568 2689 763 2774 judex
794 2689 965 2752 datur
992 2691 1119 2752 haec
1151 2691 1360 2773 punire
1391 2693 1608 2756 volenti

214 2793 495 2871 Calceus,
524 2807 585 2857 et
612 2793 866 2877 grandes
896 2815 1110 2878 magna
1141 2796 1220 2858 ad
1249 2797 1526 2861 subsellia
1555 2819 1734 2874 surae,

211 2899 477 2984 Legibus
506 2899 753 2983 antiquis
780 2912 1130 2978 castrorum,
1160 2915 1222 2964 et
1251 2924 1416 2964 more
1448 2901 1686 2968 Camilli
2085 2911 2168 2968 15

210 3007 478 3082 Servat0‚
509 3006 679 3069 miles
705 3028 781 3069 ne
813 3006 1030 3070 vallum
1059 3008 1242 3090 litiget
1271 3022 1439 3074 extra

205 3109 289 3173 Et
319 3111 523 3194 procul
553 3132 589 3172 a
615 3111 840 3193 signis„
900 3110 1234 3175 Justissima
1261 3114 1668 3177 centurionum

204 3214 481 3299 Cognitio
510 3226 599 3276 est
627 3213 799 3296 igitur
828 3217 905 3278 de
935 3217 1115 3280 milite
1140 3239 1161 3295 3
1205 3238 1320 3279 nec
1349 3217 1492 3280 mihi
1523 3218 1712 3282 deerit

196 3319 381 3395 Ultio,
412 3319 458 3381 si
478 3319 650 3402 justae
680 3317 944 3388 defertur
972 3343 1153 3384 causa
1184 3322 1462 3404 querelae.

195 3425 356 3489 Tota
384 3423 597 3486 cohors
625 3436 825 3485 tamen
855 3437 946 3486 est
970 3425 1228 3501 inimica,
1260 3447 1588 3510 omnesque
1617 3431 1855 3515 manipli
2065 3439 2156 3496 20
