2411 3890
973 289 1220 340 sarm
1247 289 1395 340 vm.
1867 285 1876 290 ·
2091 295 2173 358 6⁷

95 441 102 447 '
215 439 448 502 Obvius
475 436 717 501 assiduo
750 435 1154 521 Syrophoenix
1181 438 1337 502 udus
1366 459 1605 503 amomo

215 543 440 620 Currit,
469 543 750 606 Idumaeae
785 542 1188 626 Syrophoenix
1216 543 1413 608 incola
1438 557 1653 628 portae,
2055 545 2179 607 160

223 645 492 731 Hospitis
523 646 742 710 affectu
775 647 1078 708 dominum
1107 667 1437 731 regemque
1466 647 1693 723 salutet,

226 750 314 814 Et
341 773 480 814 cum
510 751 702 816 venali
733 750 946 832 Cyane
977 750 1281 815 succincta
1305 750 1539 834 lagena.

317 853 620 918 Defensor
650 855 840 937 culpae
869 855 1030 918 dicet
1059 855 1225 932 mihi,
1254 854 1543 918 Fecimus
1569 869 1631 920 et
1657 877 1767 920 nos

231 957 388 1022 Haec
409 959 684 1044 juvenes.
776 958 950 1022 Esto.
1038 959 1267 1024 Desisti
1292 981 1531 1044 nempe,
1560 981 1675 1024 nec
1704 961 1855 1024 ultra

199 1133 212 1140 ,
230 1062 456 1126 Fovisti
487 1085 772 1126 errorem.
861 1063 1066 1128 Breve
1093 1064 1186 1140 sit,
1218 1064 1377 1147 quod
1404 1065 1647 1148 turpiter
1675 1066 1881 1129 audes.
2062 1069 2183 1130 165

236 1167 536 1240 Quaedam
567 1189 706 1231 cum
735 1167 928 1251 prima
951 1181 1298 1231 resecentur
1326 1167 1571 1230 crimina
1596 1168 1801 1232 barba.

233 1271 492 1354 indulge
523 1272 756 1346 veniam
786 1271 1002 1354 pueris.
1093 1269 1501 1354 Damasippus
1528 1271 1607 1332 ad
1636 1271 1763 1334 illos

157 1405 184 1418 ..
239 1375 644 1438 Thermarum
676 1377 894 1440 calices
923 1375 1319 1458 inscriptaque
1346 1375 1524 1438 lintea
1552 1375 1735 1452 vadit,

243 1465 522 1544 Maturus
550 1481 728 1555 bello,
759 1481 1056 1544 Armeniae
1089 1479 1395 1562 Syriaeque
1424 1481 1663 1544 tuendis

245 1578 564 1660 AmnibuS,
599 1599 660 1647 et
687 1586 908 1648 Rheno
937 1599 1112 1668 atque
1139 1585 1311 1649 Istro.
1402 1583 1692 1650 Praestare
1722 1586 2032 1654 Neronem
2075 1595 2195 1653 170

251 1688 554 1752 Securum
583 1690 740 1752 valet
766 1690 894 1752 haec
925 1703 1084 1752 aetas.
1175 1688 1349 1767 Mitte
1379 1684 1569 1766 Ostia,
1600 1690 1827 1768 Caesar,
1854 1665 1949 1782 lo

249 1791 428 1854 Mitte
453 1815 472 1871 3
517 1793 624 1855 sed
655 1793 709 1854 in
743 1792 960 1875 magnii
983 1795 1241 1876 legatum
1270 1814 1465 1876 quaere
1496 1795 1735 1878 popina.
1840 1770 1861 1848 l

251 1895 530 1961 Invenies
559 1897 750 1981 aliquo
780 1919 920 1961 cum
949 1917 1299 1979 percussore
1318 1897 1645 1981 jacentem,

257 2001 636 2065 Permixtum
667 1987 877 2077 nuntie,
907 2014 968 2063 et
995 1999 1237 2076 furibus,
1269 2021 1343 2061 ac
1370 1998 1640 2083 fugitivis,

257 2106 422 2169 Inter
451 2107 781 2183 carnifices,
812 2120 872 2169 et
900 2105 1099 2168 fabros
1124 2104 1579 2189 sandapilarum,
2088 2116 2206 2176 175

237 2260 243 2288 2
267 2206 355 2272 Et
380 2210 698 2293 resupinati
725 2199 1015 2273 cessantia
1040 2224 1321 2294 tympana
1346 2211 1539 2278 Galli..
2052 2188 2071 2233 ‘⁹

272 2314 474 2397 AEqua
501 2315 580 2377 ibi
609 2316 866 2389 libertas,
893 2315 1233 2376 communia
1259 2315 1495 2397 pocula,
1522 2316 1715 2380 lectus

271 2418 418 2483 Non
448 2419 590 2481 alius
621 2418 922 2500 cuiquam,
950 2437 1066 2478 nec
1097 2436 1305 2477 mensa
1330 2417 1611 2482 remotior
1636 2420 1756 2482 ulli.

274 2522 444 2596 Quid
474 2522 656 2585 facias
683 2522 864 2584 talem
891 2520 1146 2597 sortitus,
1177 2519 1451 2599 Pontice,
1481 2524 1767 2589 servum?

278 2628 524 2710 Nempe
556 2627 616 2689 in
644 2625 928 2689 Lucanos
955 2643 1054 2689 aut
1079 2625 1287 2689 Tusca
1315 2631 1605 2711 ergastula
1632 2632 1845 2699 mittas.
1995 2642 2007 2653 ”
2098 2640 2221 2698 180

254 2734 366 2795 Ἀἱ
393 2754 520 2807 vos,
547 2730 926 2813 Trojugenae,
954 2730 1120 2793 vobis
1147 2732 1461 2813 ignoscitiS,
1490 2747 1569 2807 et,
1600 2755 1758 2817 quae.

279 2838 518 2921 Turpia
546 2835 807 2911 cerdoni‚
835 2832 1090 2895 Volesos
1117 2834 1489 2917 Brutumque
1520 2837 1837 2901 decebunt.

265 2940 478 3016 Quid,
509 2940 556 3003 si
587 2959 890 3021 nunquam
920 2935 1074 2998 adef)
1103 2934 1279 2999 soedis
1308 2937 1581 3019 adeoque
1610 2941 1903 3022 pudendis

289 3044 530 3107 Utimur
559 3042 868 3126 exemplis,
898 3054 962 3103 ut
987 3060 1105 3103 non
1134 3039 1337 3123 pejora
1363 3042 1694 3123 supersint?

295 3149 680 3233 Consumptis
707 3147 916 3230 opibus
942 3166 1174 3221 vocem,
1204 3144 1597 3228 Damasippe‚
1625 3146 1830 3214 locasti
2111 3162 2229 3221 185

299 3253 554 3333 Sipario,
585 3252 912 3315 clamosum
941 3244 1148 3333 ageres
1175 3262 1243 3312 ut
1270 3248 1533 3341 Phasma
1562 3250 1801 3318 Catulli.

303 3357 666 3430 Laureolum
693 3356 870 3419 velox
899 3354 1074 3419 etiam
1101 3356 1257 3417 bene
1286 3353 1577 3419 Lentulus
1602 3359 1741 3442 egit,

303 3461 518 3528 Judice
547 3482 669 3539 me,
700 3446 909 3545 dignus
934 3460 1078 3525 vera
1103 3478 1307 3523 cruce.
1394 3459 1460 3525 N
1462 3482 1535 3525 ec
1560 3474 1759 3527 tamen
1786 3462 1896 3547 ipsi
