2411 3890
259 292 346 352 28
877 289 944 338 n.
975 289 1164 342 surm
1193 289 1577 342 summus

258 433 342 500 Et
369 451 648 518 tremere,
681 453 742 504 et
773 441 980 504 sordes
1009 439 1176 504 farris
1207 440 1483 504 mordere
1514 441 1758 504 canini?

337 543 545 608 Primo
575 545 690 628 fige
721 545 874 621 1000,
907 545 1066 628 quod
1097 560 1156 608 tu
1189 546 1567 608 discumbere
1587 545 1787 630 jussus

248 647 884 713 Memdemwlidam
916 664 1182 712 veterum
1216 648 1380 734 capis
1408 650 1761 714 officiorum.

247 752 505 817 Fructus
535 754 802 818 arnicitiae
835 776 1061 838 magnae
1091 754 1280 818 cibus·
1368 754 1627 838 Imputat
1655 755 1813 817 hunc
1844 775 1975 830 rex,

241 855 345 934 Et,
377 859 644 942 quamvis
673 879 892 940 rarum,
922 874 1122 922 tamen
1151 859 1422 942 imputat.
1516 858 1685 942 Ergo
1712 859 1863 922 duos
1884 870 2018 942 post
2110 864 2138 918 l
2158 862 2201 920 5

241 962 309 1025 Si
337 963 502 1026 libuit
527 985 764 1028 menses
793 965 1130 1046 neglectum
1163 964 1446 1027 adhibere
1478 965 1774 1039 clientem,

236 1065 448 1132 Tertia
477 1091 555 1132 ne
585 1091 780 1132 vacuo
809 1082 1071 1132 cessaret
1101 1069 1317 1132 culcita
1347 1069 1541 1149 lecto3

233 1170 375 1236 Una
401 1173 602 1251 simus,
633 1175 733 1238 ait.
819 1173 1112 1237 Votorum
1142 1195 1374 1238 summa
1400 1175 1414 1237 Ξ
1463 1173 1629 1248 Quid
1662 1173 1809 1236 ultra

233 1276 518 1350 Quaeris?
610 1277 814 1343 Habet
842 1279 1122 1356 TrebiuS‚
1152 1295 1395 1364 propter
1413 1279 1570 1362 quod
1601 1299 1879 1362 rumpere
1903 1299 2186 1342 somnum

229 1381 470 1446 Debeat
499 1395 560 1445 et
587 1383 793 1464 ligulas
821 1383 1134 1457 dimittere,
1165 1384 1460 1458 sollicituS,
1494 1405 1570 1446 ne
2087 1390 2189 1448 20

224 1486 386 1550 Tota
413 1487 713 1550 salutatrix
731 1485 859 1570 jam
891 1486 1060 1548 turba
1089 1487 1385 1570 peregerit
1414 1488 1621 1551 orbem

225 1589 536 1654 Sideribus
566 1591 778 1669 dubiis,
811 1604 911 1652 aut
940 1589 1037 1652 illo
1066 1605 1355 1674 tempore,
1388 1613 1505 1675 quo
1536 1615 1602 1655 se
1672 1573 1679 1580 ²

222 1694 466 1778 Frigida
493 1695 902 1778 circumagunt
927 1695 1074 1780 pigri
1105 1717 1339 1760 sarraca
1369 1697 1603 1761 Bootae.

219 1799 433 1874 Qualis
459 1819 635 1863 coena
662 1813 862 1862 tamen
891 1800 918 1865 ἓ
1005 1799 1249 1879 Vinum,
1276 1803 1433 1886 quod
1464 1804 1707 1867 succida
1736 1807 1879 1870 nolit

217 1905 388 1969 Lana
417 1906 576 1991 pati:
631 1905 708 1970 de
737 1906 988 1972 conviva
1017 1906 1363 1992 Corybanta
1393 1909 1640 1973 videbis.
1660 1960 1683 1973 .
2036 1961 2043 1967 -
2073 1917 2165 1977 25

214 2012 419 2097 ,turgia
449 2012 802 2098 proludunt3
845 2015 955 2079 sed
985 2036 1128 2077 mox
1157 2029 1218 2077 et
1244 2014 1460 2098 pocula
1490 2028 1733 2099 torques

213 2116 487 2193 Saucim,
519 2130 580 2179 et
607 2099 784 2179 rubra
814 2118 1090 2201 deterges
1118 2120 1361 2181 vulnera
1392 2106 1632 2202 mappa,

205 2220 368 2284 Inter
395 2240 502 2283 vos
530 2221 762 2304 quoties
789 2222 1250 2305 libertorumque
1280 2220 1585 2285 cohortem

206 2323 421 2408 Pugna
453 2324 779 2409 Saguntina
809 2325 994 2390 servet
1021 2327 1339 2389 commissa
1366 2326 1600 2411 lagena.

201 2430 340 2514 Ipse
369 2430 644 2513 capillato
671 2432 950 2494 diffusum
983 2433 1225 2495 consule
1256 2413 1435 2515 potat,
2064 2441 2153 2499 30

201 2533 634 2618 Calcatamque
663 2548 824 2597 tenet
854 2535 1019 2597 bellis
1048 2535 1358 2598 socialibus
1388 2557 1586 2611 uvam,

201 2636 504 2702 Cardiaco
531 2660 836 2721 nunquam
867 2640 1150 2721 cyathum
1181 2639 1463 2703 missurus
1492 2641 1711 2703 amico·

199 2742 354 2807 Cras
383 2744 544 2805 bibet
572 2744 817 2806 Albanis
847 2744 1064 2827 aliquid
1095 2744 1171 2805 de
1204 2744 1496 2807 montibus
1528 2758 1626 2809 aut
1655 2747 1735 2807 de

199 2848 438 2924 Setinis,
467 2848 637 2933 cujus
666 2848 914 2931 patriam
945 2848 1291 2931 titulumque
1322 2864 1595 2914 senectus

193 2952 436 3015 Delevit
465 2952 648 3015 multa
677 2954 890 3017 veteris
920 2952 1156 3037 fuligine
1187 2966 1347 3017 testae
1372 2977 1395 3033 3
2052 2964 2139 3023 35

195 3056 396 3131 Quale
425 3059 686 3121 coronati
716 3058 990 3121 Thrasea
1025 3057 1451 3143 Helvidiusque
1484 3060 1763 3125 bibebant

190 3162 512 3226 Brutorum
545 3162 810 3226 et'Cassi
839 3163 1145 3228 natalibus.
1236 3163 1373 3248 Ipse
1404 3186 1664 3249 capaces

189 3266 512 3331 Heliadum
535 3282 762 3331 crustas
790 3283 850 3332 et
876 3269 1192 3355 inaequales
1221 3271 1449 3353 beryllo

184 3370 360 3435 Virro
390 3386 554 3437 tenet
577 3373 805 3453 phialas
833 3398 848 3437 ε
894 3375 990 3438 tibi
1023 3397 1138 3438 non
1168 3376 1549 3439 committitur
1576 3398 1782 3439 aurum
1810 3401 1830 3454 3

182 3475 324 3556 Vel²
345 3478 392 3541 si
426 3480 662 3562 quando
692 3480 882 3557 datur,
913 3482 1353 3545 custosaffixus
1382 3481 1627 3558 ibidem,
2041 3494 2130 3553 4ο
