2411 3890
38 1871 42 1963 ἔ

1013 271 1259 326 sAmA
1288 271 1355 326 X.

213 419 484 499 Favisset,
513 423 562 486 si
591 441 876 506 oppresse
905 421 1056 488 foret
1083 445 1297 488 secure
1326 437 1601 490 senectus

213 525 503 612 Principis,
536 526 654 590 hfic
681 527 811 612 ips&
840 527 1126 614 Sejanum
1157 529 1385 593 diceret
1410 529 1563 594 horti

213 633 544 716 Augustum.
635 631 776 696 Jam
803 633 1056 717 pridem,
1085 653 1166 697 ex
1195 655 1317 719 quo
1344 635 1619 717 suffragia
1646 635 1789 700 nulli

212 733 540 813 vendimus,
573 737 780 802 effudit
807 759 1024 802 curas:
1067 759 1207 802 nam
1237 739 1335 822 qui
1366 739 1543 802 dabat
1568 738 1709 802 olim

211 839 530 925 Imperium,
561 842 778 919 fasces,
807 842 1091 926 legiones,
1121 843 1341 918 omnin,
1368 865 1527 907 nunc
1558 864 1625 906 se

209 943 487 1024 Continet,
519 961 704 1031 atque
727 948 876 1012 duas
903 948 1132 1012 tantum
1157 953 1257 1010 res
1284 949 1493 1012 anxius
1518 961 1701 1032 optat,

205 1049 418 1115 Panem
449 1067 510 1116 et
538 1052 880 1116 Circenses.
969 1052 1279 1118 Perituros
1308 1055 1485 1116 audio
1512 1055 1748 1118 multos.

204 1153 297 1218 Nil
323 1158 562 1222 dubium
592 1180 610 1238 3
655 1179 870 1240 magna
897 1171 986 1222 est
1015 1157 1363 1220 fornacula:
1406 1157 1717 1241 pallidulus
1745 1157 1830 1222 mi

203 1259 488 1326 Brutidius
513 1284 686 1326 meus
715 1263 790 1326 ad
822 1261 1032 1325 Martis
1061 1260 1166 1325 suit
1195 1261 1402 1324 obvius
1431 1283 1617 1325 aram.

203 1363 387 1438 Quem
415 1368 616 1443 timec,
647 1365 834 1430 victus
861 1387 940 1428 ne
969 1385 1180 1450 poenas
1208 1366 1409 1450 exigat
1436 1365 1616 1452 Ajax,

200 1467 277 1534 Ut
299 1473 450 1535 male
481 1470 804 1535 defensus!
849 1493 1156 1536 curremus
1183 1472 1532 1556 praecipites,
1564 1486 1643 1551 et,

195 1573 346 1639 Dum
365 1577 532 1661 jacet
557 1576 616 1638 in
645 1575 794 1660 ripfi,
823 1577 1126 1640 calcemus
1155 1576 1412 1642 Coesaris
1440 1579 1694 1642 hostem.

197 1679 312 1743 Sed
339 1683 579 1745 videant
607 1681 780 1756 servi,
809 1703 886 1746 ne
917 1683 1048 1766 quis
1073 1697 1273 1766 neget,
1302 1697 1367 1745 et
1392 1684 1671 1767 pavidum
1700 1684 1759 1746 in
1777 1683 1879 1768 jus

191 1781 434 1849 Cervice
463 1785 743 1850 obstrictis
772 1786 1076 1850 dominum
1105 1788 1315 1850 trahat.
1408 1786 1493 1848 Hi
1522 1809 1827 1852 sermones

186 1889 355 1957 Tunc
386 1893 462 1955 de
497 1891 739 1977 Sejan0,
770 1903 999 1955 secreta
1023 1891 1158 1953 haec
1185 1911 1491 1955 murmura
1517 1892 1695 1974 vulgi.

183 1991 360 2057 Visne
388 1994 646 2071 salutari,
675 1993 828 2057 sicut
857 1990 1162 2077 Sejanus?
1205 1992 1431 2055 habere

182 2096 580 2175 Tantundem,
611 2113 788 2182 atque
815 2097 896 2159 illi
926 2116 1188 2161 summes
1218 2098 1443 2161 donare
1470 2097 1760 2163 curules?

40 2250 44 2267 .
177 2202 344 2269 Illum
373 2205 732 2269 exercitibus
759 2202 1154 2289 praeponere?
1197 2217 1355 2268 tutor
1381 2204 1587 2269 haberi

177 2310 462 2395 Principis
491 2307 742 2393 augustii,
769 2306 1142 2391 Caprearum
1170 2310 1407 2391 inrupe
1434 2310 1695 2372 sedentis

177 2414 335 2477 Cum
363 2437 546 2499 grege
575 2411 914 2478 Chaldaeo?
1004 2410 1116 2474 Vis
1141 2412 1305 2475 certe
1336 2412 1473 2495 pila,
1502 2413 1800 2491 cohortes,

173 2518 462 2605 Egregios
491 2518 738 2605 equites,
769 2530 832 2581 et
858 2530 1050 2581 castre
1079 2506 1463 2583 domestica!
1547 2517 1778 2594 Quidni

172 2623 335 2689 Haec
361 2624 616 2710 cupias?
661 2637 742 2701 et,
773 2624 872 2708 qui
901 2623 1108 2687 nolunt
1132 2624 1415 2689 occidere
1444 2646 1805 2711 quenquam,

168 2728 358 2795 Posse
385 2732 610 2795 volunt.
703 2728 828 2793 Sed
851 2748 990 2812 ,quae
1018 2728 1305 2813 praeclnre
1330 2742 1393 2794 et
1418 2750 1703 2814 prospera
1732 2732 1893 2811 tanti,

168 2834 254 2900 Ut
279 2838 454 2901 rebus
483 2836 628 2901 laetis
653 2856 762 2920 par
789 2834 863 2898 sit
891 2854 1166 2899 mensure
1195 2833 1532 2897 malorum?

46 2962 49 3005 ι
170 2938 384 3027 Hujus,
415 2942 514 3026 qui
543 2941 804 3017 trahitur,
833 2951 1180 3023 pmtextem
1208 2956 1446 3001 sumere
1476 2937 1683 3013 mavis,

168 3046 264 3111 An
294 3046 674 3115 Fidenarum·
689 3046 1136 3127 Gabiorumque
1163 3062 1299 3107 esse
1326 3054 1605 3125 potestas,

170 3150 254 3216 Et
280 3155 358 3218 de
387 3151 668 3217 mensurii
682 3150 784 3237 jus
813 3150 1036 3225 dicere,
1063 3168 1209 3213 vasa
1234 3146 1463 3211 minora

171 3253 472 3343 Frangere
501 3278 800 3343 pannosus
825 3254 1028 3321 vacuis
1057 3252 1245 3319 edilis
1268 3248 1561 3315 Ulubris?

171 3358 333 3449 Ergo
361 3364 503 3449 quid
529 3362 854 3449 optandum
885 3360 1056 3439 soret,
1085 3356 1389 3443 »gnotsssse
1416 3356 1617 3425 fateris

173 3463 492 3553 Sejanumt
535 3488 678 3531 nam
706 3465 808 3551 qui
833 3464 1050 3534 nimios
1071 3462 1317 3549 optabat
1340 3462 1617 3539 honooes,

2067 279 2151 340 7⁹

2064 427 2145 486 ⁷6

2048 955 2135 1014 80

2048 1479 2131 1538 85

2038 2524 2121 2587 95

1996 3048 2117 3113 100
