2411 3890
970 272 1219 325 mm
1248 270 1371 325 xl.
2039 276 2124 337 95

183 416 435 503 Tarpeio
460 434 693 483 servata
714 418 877 497 «Iovi,
904 418 1280 504 frontemque
1301 432 1584 483 coruscat
1604 440 1622 481 z

182 521 411 609 Quippe
439 524 611 589 ferox
636 526 873 602 vitulus,
904 527 1135 609 templis
1162 541 1425 589 maturus
1455 540 1516 589 et
1545 546 1660 589 arte

182 624 669 713 Spargendusque
700 651 887 705 mero,
910 650 1087 713 quem
1109 630 1238 715 jam
1267 631 1454 714 pudet
1483 630 1670 694 ubera
1699 630 1904 693 matris

177 730 433 809 Ducere,
464 736 563 817 qui
592 748 776 797 vexat
802 736 1063 799 nascenti
1096 736 1308 798 robora
1335 756 1544 797 cornu.

176 834 235 897 Si
260 858 355 901 res
384 839 579 922 ampla
608 840 767 901 domi
798 839 1115 922 similisque
1146 840 1458 903 affectibus
1489 851 1667 915 esset,
2033 844 2116 903 10

174 936 445 1024 Pinguior
472 941 749 1025 Hispulla
777 944 1103 1006 traheretur
1130 957 1350 1018 tauruS,
1383 956 1442 1006 et
1469 942 1599 1025 ipsa

171 1042 325 1106 Mole
354 1047 541 1129 piger,
571 1068 685 1109 nee
714 1046 957 1109 finitima
988 1048 1235 1111 nutritus
1263 1048 1322 1109 in
1351 1046 1577 1126 herbfi3

170 1144 329 1211 Laeta
356 1149 465 1211 sed
496 1152 816 1213 ostendens
842 1150 1129 1213 Clitumni
1160 1171 1382 1232 pascua
1411 1149 1648 1231 sanguis

166 1246 293 1325 Iret,
326 1264 385 1313 et
414 1272 449 1312 a
472 1251 679 1333 grandi
706 1251 914 1313 cervix
944 1249 1214 1313 ferienda
1244 1250 1526 1323 ministre,

164 1350 256 1413 Ob
283 1355 537 1416 reditum
568 1353 911 1437 trepidantis
940 1354 1157 1427 adhuc,
1188 1352 1603 1435 horrendaque
1634 1353 1792 1435 passi
2025 1358 2106 1417 15

164 1454 387 1540 Nuper,
419 1472 481 1520 et
506 1459 865 1521 incolumem
892 1480 1029 1521 sese
1058 1457 1320 1521 mirantis
1347 1458 1546 1521 amici.

162 1558 315 1622 Nam
343 1576 558 1645 praeter
588 1564 777 1644 pelagi
808 1582 1003 1638 casuS,
1034 1577 1095 1626 et
1120 1562 1364 1645 fulguris
1393 1564 1574 1627 ictum

159 1663 351 1743 Evasi,
382 1666 583 1729 densae
614 1668 833 1729 coelum
864 1666 1232 1730 abscondere
1263 1669 1520 1731 tenebrae

158 1767 329 1833 Nube
362 1770 501 1845 una,
532 1771 869 1851 subitusque
898 1784 1185 1834 antennas
1211 1771 1444 1853 impulit
1471 1771 1664 1853 ignis3

156 1871 353 1947 Quum
384 1898 453 1939 se
484 1875 729 1958 quisque
758 1875 857 1937 illo
885 1894 1232 1956 percussum
1263 1875 1558 1950 erederet,
1591 1889 1652 1937 et
1681 1895 1824 1937 mox
2009 1880 2098 1939 20

158 1979 443 2044 Attonitus
471 1981 696 2044 nullum
726 1976 979 2040 conferri
1010 1995 1185 2059 posse
1216 1991 1448 2058 putaret

157 2082 539 2168 Naufragium
566 2084 713 2146 velis
740 2082 1099 2145 ardentibus.
1186 2081 1404 2149 Omnia
1439 2082 1583 2146 fiunt

154 2184 337 2266 Talia,
366 2204 489 2252 tam
520 2187 791 2269 graviter,
824 2187 871 2248 si
902 2186 1139 2269 quaudo
1166 2187 1402 2268 poetica
1430 2188 1612 2269 surgit

154 2289 524 2378 Tempestas.
616 2291 823 2354 Genus
852 2311 1001 2352 eece
1030 2290 1187 2352 aliud
1219 2290 1603 2355 discrimine:
1651 2291 1791 2354 audi

154 2393 229 2457 Et
254 2399 537 2460 miserere
566 2396 799 2468 iterum,
830 2411 1169 2473 quanquam
1200 2393 1316 2454 sint
1341 2404 1566 2454 caetera
1595 2391 1766 2456 sortis
2007 2398 2092 2456 25

153 2497 477 2583 Ejusdem:
521 2520 659 2581 pars
688 2498 815 2559 dira
842 2495 1105 2580 quidem,
1136 2495 1246 2561 sed
1273 2496 1508 2579 cognita
1539 2497 1755 2574 mulne,

138 2599 227 2690 'Et
266 2627 437 2687 quam
465 2601 661 2664 votiva
688 2613 972 2664 testantur
998 2599 1136 2667 sana
1163 2600 1378 2664 tabella

78 2767 84 2778 ,
150 2705 429 2771 Plurima.
521 2706 792 2769 Pictores
820 2706 952 2787 quis
977 2707 1165 2769 neseit
1194 2709 1268 2769 ab
1297 2705 1458 2770 Iside
1488 2708 1652 2789 pasci
1679 2706 1705 2768 ?

150 2812 238 2873 Ac
255 2813 386 2876 :idit
414 2824 474 2872 et
500 2824 697 2872 nostro
728 2807 927 2871 similis
956 2805 1189 2870 fortuna
1219 2808 1480 2872 Catullo.

51 2897 67 2976 f
145 2913 252 2988 Qu·
264 2939 355 2981 nn
384 2916 592 2998 plenus
620 2913 801 2976 fluctu
832 2909 1063 2973 medius
1093 2908 1246 2973 soret
1273 2912 1494 2986 alveuS,
1525 2923 1584 2974 et
1606 2911 1758 2994 jam,
2005 2916 2091 2974 30

150 3019 455 3082 Alternum
483 3019 696 3102 puppis
724 3017 875 3080 latus
904 3013 1300 3076 evertentibus
1329 3014 1502 3076 undis

152 3124 391 3190 Arboris
420 3125 673 3197 incertae,
704 3121 921 3182 nullam
953 3118 1265 3201 prudentia
1293 3119 1428 3182 cani

154 3224 423 3290 Reztoris
451 3225 745 3289 conferret
772 3244 949 3306 opem
976 3245 997 3300 3
1042 3223 1326 3289 decidere
1347 3222 1514 3306 jactu

156 3327 243 3393 Cu
268 3332 351 3414 pit
376 3353 515 3393 eum
548 3330 731 3392 ventis
754 3351 863 3408 3-

152 3428 421 3511 Fundite,
454 3455 581 3516 quae
612 3455 747 3496 mea
778 3450 931 3511 sunt,
962 3434 1220 3507 dicebat,
1249 3445 1483 3511 cuneta,
1515 3433 1808 3509 Catullus,
2005 3441 2086 3498 35
