<?xml version="1.0" encoding="UTF-8"?>
<!DOCTYPE html PUBLIC "-//W3C//DTD XHTML 1.0 Transitional//EN"
    "http://www.w3.org/TR/xhtml1/DTD/xhtml1-transitional.dtd">
<html xmlns="http://www.w3.org/1999/xhtml" xml:lang="en" lang="en">
 <head>
  <title>
</title>
<meta http-equiv="Content-Type" content="text/html;charset=utf-8" />
  <meta name='ocr-system' content='tesseract 3.04.00' />
  <meta name='ocr-capabilities' content='ocr_page ocr_carea ocr_par ocr_line ocrx_word'/>
</head>
<body>
  <div class='ocr_page' id='page_1' title='image "./djuniijuvenalis00levegoog_0111.png"; bbox 0 0 2411 3890; ppageno 0'>
   <div class='ocr_carea' id='block_1_1' title="bbox 1006 333 1432 387">
    <p class='ocr_par' dir='ltr' id='par_1_1' title="bbox 1006 333 1432 387">
     <span class='ocr_line' id='line_1_1' title="bbox 1006 333 1432 387; baseline -0.002 -3"><span class='ocrx_word' id='word_1_1' title='bbox 1006 333 1254 385; x_wconf 69' lang='lat' dir='ltr'>SATIRA</span> <span class='ocrx_word' id='word_1_2' title='bbox 1283 335 1432 387; x_wconf 85' lang='lat' dir='ltr'><strong>xm.</strong></span> 
     </span>
    </p>
   </div>
   <div class='ocr_carea' id='block_1_2' title="bbox 251 474 1874 566">
    <p class='ocr_par' dir='ltr' id='par_1_2' title="bbox 251 474 1874 566">
     <span class='ocr_line' id='line_1_2' title="bbox 251 474 1874 566; baseline 0.006 -27"><span class='ocrx_word' id='word_1_3' title='bbox 251 474 625 555; x_wconf 83' lang='lat' dir='ltr'><strong>Visceribus,</strong></span> <span class='ocrx_word' id='word_1_4' title='bbox 654 498 893 544; x_wconf 84' lang='lat' dir='ltr'><strong>sacrum</strong></span> <span class='ocrx_word' id='word_1_5' title='bbox 920 480 1025 545; x_wconf 88' lang='lat' dir='ltr'><strong>tibi</strong></span> <span class='ocrx_word' id='word_1_6' title='bbox 1056 482 1220 566; x_wconf 74' lang='lat' dir='ltr'><strong>quod</strong></span> <span class='ocrx_word' id='word_1_7' title='bbox 1247 506 1368 549; x_wconf 89' lang='lat' dir='ltr'><strong>non</strong></span> <span class='ocrx_word' id='word_1_8' title='bbox 1395 484 1608 549; x_wconf 86' lang='lat' dir='ltr'><strong>reddat</strong></span> <span class='ocrx_word' id='word_1_9' title='bbox 1645 484 1874 549; x_wconf 88' lang='lat' dir='ltr'><strong>amicus</strong></span> 
     </span>
    </p>
   </div>
   <div class='ocr_carea' id='block_1_3' title="bbox 256 580 2018 675">
    <p class='ocr_par' dir='ltr' id='par_1_3' title="bbox 256 580 2018 675">
     <span class='ocr_line' id='line_1_3' title="bbox 256 580 2018 675; baseline 0.005 -30"><span class='ocrx_word' id='word_1_10' title='bbox 256 580 641 667; x_wconf 89' lang='lat' dir='ltr'><strong>Depositum.</strong></span> <span class='ocrx_word' id='word_1_11' title='bbox 734 584 948 670; x_wconf 85' lang='lat' dir='ltr'><strong>Stupet</strong></span> <span class='ocrx_word' id='word_1_12' title='bbox 972 587 1123 664; x_wconf 80' lang='lat' dir='ltr'><strong>haec,</strong></span> <span class='ocrx_word' id='word_1_13' title='bbox 1156 589 1256 673; x_wconf 92' lang='lat' dir='ltr'><strong>qui</strong></span> <span class='ocrx_word' id='word_1_14' title='bbox 1275 588 1406 674; x_wconf 87' lang='lat' dir='ltr'><strong>jam</strong></span> <span class='ocrx_word' id='word_1_15' title='bbox 1433 603 1566 673; x_wconf 91' lang='lat' dir='ltr'><strong>post</strong></span> <span class='ocrx_word' id='word_1_16' title='bbox 1593 602 1760 675; x_wconf 88' lang='lat' dir='ltr'><strong>terga</strong></span> <span class='ocrx_word' id='word_1_17' title='bbox 1786 589 2018 675; x_wconf 85' lang='lat' dir='ltr'><strong>reliquit</strong></span> 
     </span>
    </p>
   </div>
   <div class='ocr_carea' id='block_1_4' title="bbox 202 684 1990 3508">
    <p class='ocr_par' dir='ltr' id='par_1_4' title="bbox 262 684 1655 771">
     <span class='ocr_line' id='line_1_4' title="bbox 262 684 1655 771; baseline 0.005 -21"><span class='ocrx_word' id='word_1_18' title='bbox 262 684 591 771; x_wconf 79' lang='lat' dir='ltr'><strong>Sexaginta</strong></span> <span class='ocrx_word' id='word_1_19' title='bbox 618 710 823 767; x_wconf 84' lang='lat' dir='ltr'><strong>annos,</strong></span> <span class='ocrx_word' id='word_1_20' title='bbox 852 689 1109 757; x_wconf 82' lang='lat' dir='ltr'>Fonteio</span> <span class='ocrx_word' id='word_1_21' title='bbox 1139 690 1404 757; x_wconf 83' lang='lat' dir='ltr'><strong>Consule</strong></span> <span class='ocrx_word' id='word_1_22' title='bbox 1435 693 1655 757; x_wconf 81' lang='lat' dir='ltr'><strong>natus?</strong></span> 
     </span>
    </p>

    <p class='ocr_par' dir='ltr' id='par_1_5' title="bbox 261 791 1870 1301">
     <span class='ocr_line' id='line_1_5' title="bbox 262 791 1653 881; baseline 0.006 -27"><span class='ocrx_word' id='word_1_23' title='bbox 262 791 365 855; x_wconf 87' lang='lat' dir='ltr'><strong>An</strong></span> <span class='ocrx_word' id='word_1_24' title='bbox 391 793 537 856; x_wconf 90' lang='lat' dir='ltr'><strong>nihil</strong></span> <span class='ocrx_word' id='word_1_25' title='bbox 562 794 623 857; x_wconf 92' lang='lat' dir='ltr'><strong>in</strong></span> <span class='ocrx_word' id='word_1_26' title='bbox 650 796 861 860; x_wconf 89' lang='lat' dir='ltr'><strong>melius</strong></span> <span class='ocrx_word' id='word_1_27' title='bbox 888 809 975 859; x_wconf 90' lang='lat' dir='ltr'><strong>tot</strong></span> <span class='ocrx_word' id='word_1_28' title='bbox 1000 818 1199 861; x_wconf 86' lang='lat' dir='ltr'><strong>rerum</strong></span> <span class='ocrx_word' id='word_1_29' title='bbox 1229 799 1464 881; x_wconf 87' lang='lat' dir='ltr'><strong>proficis</strong></span> <span class='ocrx_word' id='word_1_30' title='bbox 1492 796 1653 861; x_wconf 86' lang='lat' dir='ltr'><strong>usu?</strong></span> 
     </span>
     <span class='ocr_line' id='line_1_6' title="bbox 261 893 1870 986; baseline 0.005 -27"><span class='ocrx_word' id='word_1_31' title='bbox 261 893 486 980; x_wconf 85' lang='lat' dir='ltr'><strong>Magna</strong></span> <span class='ocrx_word' id='word_1_32' title='bbox 517 899 779 983; x_wconf 89' lang='lat' dir='ltr'><strong>quidem,</strong></span> <span class='ocrx_word' id='word_1_33' title='bbox 808 901 989 965; x_wconf 83' lang='lat' dir='ltr'><strong>sacris</strong></span> <span class='ocrx_word' id='word_1_34' title='bbox 1018 923 1155 986; x_wconf 80' lang='lat' dir='ltr'><strong>quae</strong></span> <span class='ocrx_word' id='word_1_35' title='bbox 1188 901 1294 965; x_wconf 89' lang='lat' dir='ltr'><strong>dat</strong></span> <span class='ocrx_word' id='word_1_36' title='bbox 1319 915 1618 986; x_wconf 84' lang='lat' dir='ltr'><strong>praeoepta</strong></span> <span class='ocrx_word' id='word_1_37' title='bbox 1643 902 1870 979; x_wconf 86' lang='lat' dir='ltr'><strong>libellis,</strong></span> 
     </span>
     <span class='ocr_line' id='line_1_7' title="bbox 263 998 1786 1091; baseline 0.003 -27"><span class='ocrx_word' id='word_1_38' title='bbox 263 998 499 1067; x_wconf 83' lang='lat' dir='ltr'>Victrix</span> <span class='ocrx_word' id='word_1_39' title='bbox 526 1002 814 1069; x_wconf 82' lang='lat' dir='ltr'><strong>Fortunae</strong></span> <span class='ocrx_word' id='word_1_40' title='bbox 848 1007 1169 1091; x_wconf 83' lang='lat' dir='ltr'><strong>Sapientia.</strong></span> <span class='ocrx_word' id='word_1_41' title='bbox 1262 1005 1560 1069; x_wconf 87' lang='lat' dir='ltr'><strong>Ducimus</strong></span> <span class='ocrx_word' id='word_1_42' title='bbox 1589 1020 1786 1069; x_wconf 88' lang='lat' dir='ltr'><strong>autem</strong></span> 
     </span>
     <span class='ocr_line' id='line_1_8' title="bbox 265 1104 1830 1197; baseline 0.002 -25"><span class='ocrx_word' id='word_1_43' title='bbox 265 1104 401 1172; x_wconf 87' lang='lat' dir='ltr'><strong>Hos</strong></span> <span class='ocrx_word' id='word_1_44' title='bbox 431 1130 669 1194; x_wconf 90' lang='lat' dir='ltr'><strong>quoque</strong></span> <span class='ocrx_word' id='word_1_45' title='bbox 697 1110 923 1189; x_wconf 78' lang='lat' dir='ltr'><strong>feliceS,</strong></span> <span class='ocrx_word' id='word_1_46' title='bbox 954 1112 1052 1197; x_wconf 90' lang='lat' dir='ltr'><strong>qui</strong></span> <span class='ocrx_word' id='word_1_47' title='bbox 1079 1110 1238 1175; x_wconf 86' lang='lat' dir='ltr'><strong>ferre</strong></span> <span class='ocrx_word' id='word_1_48' title='bbox 1267 1112 1646 1176; x_wconf 84' lang='lat' dir='ltr'><strong>incommoda</strong></span> <span class='ocrx_word' id='word_1_49' title='bbox 1673 1113 1830 1187; x_wconf 84' lang='lat' dir='ltr'><strong>vitae,</strong></span> 
     </span>
     <span class='ocr_line' id='line_1_9' title="bbox 267 1195 1676 1301; baseline 0 -25"><span class='ocrx_word' id='word_1_50' title='bbox 267 1211 407 1277; x_wconf 87' lang='lat' dir='ltr'><strong>Nec</strong></span> <span class='ocrx_word' id='word_1_51' title='bbox 426 1213 655 1297; x_wconf 81' lang='lat' dir='ltr'><strong>jactare</strong></span> <span class='ocrx_word' id='word_1_52' title='bbox 674 1216 908 1301; x_wconf 87' lang='lat' dir='ltr'><strong>jugum,</strong></span> <span class='ocrx_word' id='word_1_53' title='bbox 936 1215 1057 1277; x_wconf 64' lang='lat' dir='ltr'><strong>vita</strong></span> <span class='ocrx_word' id='word_1_54' title='bbox 1085 1195 1351 1277; x_wconf 60' lang='lat' dir='ltr'><strong>dididere</strong></span> <span class='ocrx_word' id='word_1_55' title='bbox 1380 1214 1676 1297; x_wconf 65' lang='lat' dir='ltr'><strong>magistra.</strong></span> 
     </span>
    </p>

    <p class='ocr_par' dir='ltr' id='par_1_6' title="bbox 269 1317 1948 1823">
     <span class='ocr_line' id='line_1_10' title="bbox 356 1317 1864 1402; baseline 0.001 -21"><span class='ocrx_word' id='word_1_56' title='bbox 356 1317 514 1392; x_wconf 79' lang='lat' dir='ltr'><strong>Quae</strong></span> <span class='ocrx_word' id='word_1_57' title='bbox 544 1334 669 1384; x_wconf 89' lang='lat' dir='ltr'><strong>tam</strong></span> <span class='ocrx_word' id='word_1_58' title='bbox 695 1319 847 1383; x_wconf 81' lang='lat' dir='ltr'><strong>festa</strong></span> <span class='ocrx_word' id='word_1_59' title='bbox 875 1320 1023 1396; x_wconf 89' lang='lat' dir='ltr'><strong>dies,</strong></span> <span class='ocrx_word' id='word_1_60' title='bbox 1053 1332 1116 1381; x_wconf 91' lang='lat' dir='ltr'><strong>ut</strong></span> <span class='ocrx_word' id='word_1_61' title='bbox 1142 1332 1340 1383; x_wconf 85' lang='lat' dir='ltr'><strong>cesset</strong></span> <span class='ocrx_word' id='word_1_62' title='bbox 1365 1318 1619 1402; x_wconf 88' lang='lat' dir='ltr'><strong>prodere</strong></span> <span class='ocrx_word' id='word_1_63' title='bbox 1647 1318 1864 1397; x_wconf 87' lang='lat' dir='ltr'><strong>furem,</strong></span> 
     </span>
     <span class='ocr_line' id='line_1_11' title="bbox 269 1421 1948 1509; baseline 0.001 -22"><span class='ocrx_word' id='word_1_64' title='bbox 269 1421 620 1501; x_wconf 85' lang='lat' dir='ltr'><strong>Perfidiam,</strong></span> <span class='ocrx_word' id='word_1_65' title='bbox 648 1424 908 1502; x_wconf 79' lang='lat' dir='ltr'><strong>fraudes,</strong></span> <span class='ocrx_word' id='word_1_66' title='bbox 938 1440 1115 1509; x_wconf 85' lang='lat' dir='ltr'><strong>atque</strong></span> <span class='ocrx_word' id='word_1_67' title='bbox 1144 1425 1306 1489; x_wconf 89' lang='lat' dir='ltr'><strong>omni</strong></span> <span class='ocrx_word' id='word_1_68' title='bbox 1335 1446 1414 1487; x_wconf 85' lang='lat' dir='ltr'><strong>ex</strong></span> <span class='ocrx_word' id='word_1_69' title='bbox 1445 1424 1688 1489; x_wconf 86' lang='lat' dir='ltr'><strong>crimine</strong></span> <span class='ocrx_word' id='word_1_70' title='bbox 1717 1426 1948 1489; x_wconf 87' lang='lat' dir='ltr'><strong>lucrum</strong></span> 
     </span>
     <span class='ocr_line' id='line_1_12' title="bbox 272 1527 1899 1614; baseline 0.002 -23"><span class='ocrx_word' id='word_1_71' title='bbox 272 1527 627 1605; x_wconf 83' lang='lat' dir='ltr'><strong>Quaesitum,</strong></span> <span class='ocrx_word' id='word_1_72' title='bbox 658 1543 717 1592; x_wconf 90' lang='lat' dir='ltr'><strong>et</strong></span> <span class='ocrx_word' id='word_1_73' title='bbox 744 1543 941 1613; x_wconf 87' lang='lat' dir='ltr'><strong>partos</strong></span> <span class='ocrx_word' id='word_1_74' title='bbox 970 1531 1167 1613; x_wconf 88' lang='lat' dir='ltr'><strong>gladio</strong></span> <span class='ocrx_word' id='word_1_75' title='bbox 1194 1530 1289 1593; x_wconf 87' lang='lat' dir='ltr'><strong>vel</strong></span> <span class='ocrx_word' id='word_1_76' title='bbox 1319 1530 1544 1614; x_wconf 86' lang='lat' dir='ltr'><strong>pyxide</strong></span> <span class='ocrx_word' id='word_1_77' title='bbox 1573 1531 1899 1595; x_wconf 82' lang='lat' dir='ltr'><strong>nummos?</strong></span> 
     </span>
     <span class='ocr_line' id='line_1_13' title="bbox 270 1617 1918 1720; baseline 0.001 -23"><span class='ocrx_word' id='word_1_78' title='bbox 270 1632 424 1697; x_wconf 84' lang='lat' dir='ltr'><strong>Rari</strong></span> <span class='ocrx_word' id='word_1_79' title='bbox 454 1635 671 1719; x_wconf 90' lang='lat' dir='ltr'><strong>quippe</strong></span> <span class='ocrx_word' id='word_1_80' title='bbox 699 1617 837 1698; x_wconf 85' lang='lat' dir='ltr'><strong>boni</strong></span> <span class='ocrx_word' id='word_1_81' title='bbox 863 1659 879 1696; x_wconf 75' lang='grc' dir='ltr'><strong>ε</strong></span> <span class='ocrx_word' id='word_1_82' title='bbox 920 1657 1201 1699; x_wconf 88' lang='lat' dir='ltr'><strong>numerus</strong></span> <span class='ocrx_word' id='word_1_83' title='bbox 1232 1636 1330 1699; x_wconf 86' lang='lat' dir='ltr'><strong>vix</strong></span> <span class='ocrx_word' id='word_1_84' title='bbox 1361 1650 1450 1699; x_wconf 89' lang='lat' dir='ltr'><strong>est</strong></span> <span class='ocrx_word' id='word_1_85' title='bbox 1477 1635 1746 1712; x_wconf 86' lang='lat' dir='ltr'><strong>totidem,</strong></span> <span class='ocrx_word' id='word_1_86' title='bbox 1775 1651 1918 1720; x_wconf 88' lang='lat' dir='ltr'><strong>quot</strong></span> 
     </span>
     <span class='ocr_line' id='line_1_14' title="bbox 270 1737 1548 1823; baseline 0.001 -22"><span class='ocrx_word' id='word_1_87' title='bbox 270 1737 627 1802; x_wconf 85' lang='lat' dir='ltr'><strong>Thebarum</strong></span> <span class='ocrx_word' id='word_1_88' title='bbox 655 1753 855 1823; x_wconf 86' lang='lat' dir='ltr'><strong>portae,</strong></span> <span class='ocrx_word' id='word_1_89' title='bbox 884 1742 979 1804; x_wconf 86' lang='lat' dir='ltr'><strong>vel</strong></span> <span class='ocrx_word' id='word_1_90' title='bbox 1008 1740 1197 1805; x_wconf 89' lang='lat' dir='ltr'><strong>divitis</strong></span> <span class='ocrx_word' id='word_1_91' title='bbox 1225 1742 1373 1803; x_wconf 86' lang='lat' dir='ltr'><strong>ostia</strong></span> <span class='ocrx_word' id='word_1_92' title='bbox 1403 1741 1548 1803; x_wconf 92' lang='lat' dir='ltr'><strong>Nili.</strong></span> 
     </span>
    </p>

    <p class='ocr_par' dir='ltr' id='par_1_7' title="bbox 268 1844 1768 2138">
     <span class='ocr_line' id='line_1_15' title="bbox 268 1844 1620 1930; baseline -0.002 -20"><span class='ocrx_word' id='word_1_93' title='bbox 268 1844 457 1910; x_wconf 86' lang='lat' dir='ltr'><strong>Nona</strong></span> <span class='ocrx_word' id='word_1_94' title='bbox 486 1859 627 1908; x_wconf 87' lang='lat' dir='ltr'><strong>aetas</strong></span> <span class='ocrx_word' id='word_1_95' title='bbox 654 1846 859 1929; x_wconf 86' lang='lat' dir='ltr'><strong>agitur,</strong></span> <span class='ocrx_word' id='word_1_96' title='bbox 888 1846 1209 1930; x_wconf 85' lang='lat' dir='ltr'><strong>pejoraque</strong></span> <span class='ocrx_word' id='word_1_97' title='bbox 1241 1846 1454 1907; x_wconf 85' lang='lat' dir='ltr'><strong>saeeula</strong></span> <span class='ocrx_word' id='word_1_98' title='bbox 1484 1844 1620 1907; x_wconf 85' lang='lat' dir='ltr'><strong>ferri</strong></span> 
     </span>
     <span class='ocr_line' id='line_1_16' title="bbox 276 1934 1768 2036; baseline -0.001 -22"><span class='ocrx_word' id='word_1_99' title='bbox 276 1951 700 2034; x_wconf 75' lang='lat' dir='ltr'><strong>TemporibuS,</strong></span> <span class='ocrx_word' id='word_1_100' title='bbox 731 1973 981 2036; x_wconf 88' lang='lat' dir='ltr'><strong>quorum</strong></span> <span class='ocrx_word' id='word_1_101' title='bbox 1011 1950 1222 2013; x_wconf 88' lang='lat' dir='ltr'><strong>sceleri</strong></span> <span class='ocrx_word' id='word_1_102' title='bbox 1249 1934 1368 2012; x_wconf 78' lang='lat' dir='ltr'><strong>non</strong></span> <span class='ocrx_word' id='word_1_103' title='bbox 1395 1950 1615 2011; x_wconf 86' lang='lat' dir='ltr'><strong>invenit</strong></span> <span class='ocrx_word' id='word_1_104' title='bbox 1641 1950 1768 2033; x_wconf 86' lang='lat' dir='ltr'><strong>ipsa</strong></span> 
     </span>
     <span class='ocr_line' id='line_1_17' title="bbox 278 2053 1630 2138; baseline -0.006 -17"><span class='ocrx_word' id='word_1_105' title='bbox 278 2057 545 2134; x_wconf 83' lang='lat' dir='ltr'><strong>Nomen,</strong></span> <span class='ocrx_word' id='word_1_106' title='bbox 574 2069 635 2119; x_wconf 87' lang='lat' dir='ltr'><strong>et</strong></span> <span class='ocrx_word' id='word_1_107' title='bbox 662 2077 699 2118; x_wconf 86' lang='lat' dir='ltr'><strong>a</strong></span> <span class='ocrx_word' id='word_1_108' title='bbox 726 2057 889 2118; x_wconf 89' lang='lat' dir='ltr'><strong>nullo</strong></span> <span class='ocrx_word' id='word_1_109' title='bbox 915 2055 1109 2138; x_wconf 86' lang='lat' dir='ltr'><strong>posuit</strong></span> <span class='ocrx_word' id='word_1_110' title='bbox 1135 2067 1343 2116; x_wconf 88' lang='lat' dir='ltr'><strong>natura</strong></span> <span class='ocrx_word' id='word_1_111' title='bbox 1370 2053 1630 2116; x_wconf 62' lang='lat' dir='ltr'><strong>metalla</strong></span> 
     </span>
    </p>

    <p class='ocr_par' dir='ltr' id='par_1_8' title="bbox 277 2158 1990 3298">
     <span class='ocr_line' id='line_1_18' title="bbox 277 2158 1882 2242; baseline -0.002 -15"><span class='ocrx_word' id='word_1_112' title='bbox 277 2161 412 2227; x_wconf 87' lang='lat' dir='ltr'><strong>Nos</strong></span> <span class='ocrx_word' id='word_1_113' title='bbox 438 2161 749 2225; x_wconf 88' lang='lat' dir='ltr'><strong>hominum</strong></span> <span class='ocrx_word' id='word_1_114' title='bbox 776 2159 1097 2242; x_wconf 63' lang='lat' dir='ltr'><strong>divumque</strong></span> <span class='ocrx_word' id='word_1_115' title='bbox 1125 2159 1308 2225; x_wconf 87' lang='lat' dir='ltr'><strong>fidem</strong></span> <span class='ocrx_word' id='word_1_116' title='bbox 1337 2158 1599 2222; x_wconf 86' lang='lat' dir='ltr'><strong>elamore</strong></span> <span class='ocrx_word' id='word_1_117' title='bbox 1633 2159 1882 2236; x_wconf 83' lang='lat' dir='ltr'><strong>eiemus,</strong></span> 
     </span>
     <span class='ocr_line' id='line_1_19' title="bbox 281 2264 1670 2345; baseline -0.003 -15"><span class='ocrx_word' id='word_1_118' title='bbox 281 2266 528 2342; x_wconf 83' lang='lat' dir='ltr'><strong>Quanto</strong></span> <span class='ocrx_word' id='word_1_119' title='bbox 558 2265 891 2330; x_wconf 75' lang='lat' dir='ltr'><strong>Faesidium</strong></span> <span class='ocrx_word' id='word_1_120' title='bbox 916 2264 1117 2326; x_wconf 88' lang='lat' dir='ltr'><strong>laudat</strong></span> <span class='ocrx_word' id='word_1_121' title='bbox 1144 2264 1366 2326; x_wconf 84' lang='lat' dir='ltr'><strong>vocalis</strong></span> <span class='ocrx_word' id='word_1_122' title='bbox 1396 2277 1670 2345; x_wconf 88' lang='lat' dir='ltr'><strong>agentem</strong></span> 
     </span>
     <span class='ocr_line' id='line_1_20' title="bbox 284 2364 1886 2456; baseline -0.004 -20"><span class='ocrx_word' id='word_1_123' title='bbox 284 2371 585 2456; x_wconf 85' lang='lat' dir='ltr'><strong>Sportula.</strong></span> <span class='ocrx_word' id='word_1_124' title='bbox 674 2369 819 2446; x_wconf 80' lang='lat' dir='ltr'><strong>Dio,</strong></span> <span class='ocrx_word' id='word_1_125' title='bbox 852 2367 1066 2442; x_wconf 88' lang='lat' dir='ltr'><strong>senior,</strong></span> <span class='ocrx_word' id='word_1_126' title='bbox 1094 2366 1256 2428; x_wconf 63' lang='lat' dir='ltr'><strong>bulla</strong></span> <span class='ocrx_word' id='word_1_127' title='bbox 1283 2364 1640 2446; x_wconf 83' lang='lat' dir='ltr'><strong>dignissime,</strong></span> <span class='ocrx_word' id='word_1_128' title='bbox 1670 2368 1886 2442; x_wconf 72' lang='lat' dir='ltr'><strong>nesciS,</strong></span> 
     </span>
     <span class='ocr_line' id='line_1_21' title="bbox 283 2469 1782 2555; baseline -0.007 -11"><span class='ocrx_word' id='word_1_129' title='bbox 283 2478 459 2554; x_wconf 83' lang='lat' dir='ltr'><strong>Quas</strong></span> <span class='ocrx_word' id='word_1_130' title='bbox 484 2478 705 2541; x_wconf 87' lang='lat' dir='ltr'><strong>habeat</strong></span> <span class='ocrx_word' id='word_1_131' title='bbox 728 2492 981 2537; x_wconf 79' lang='lat' dir='ltr'><strong>veneres</strong></span> <span class='ocrx_word' id='word_1_132' title='bbox 1010 2472 1199 2534; x_wconf 88' lang='lat' dir='ltr'><strong>aliena</strong></span> <span class='ocrx_word' id='word_1_133' title='bbox 1226 2469 1525 2555; x_wconf 83' lang='lat' dir='ltr'><strong>pecunia?</strong></span> <span class='ocrx_word' id='word_1_134' title='bbox 1571 2471 1782 2548; x_wconf 76' lang='lat' dir='ltr'><strong>nesciS,</strong></span> 
     </span>
     <span class='ocr_line' id='line_1_22' title="bbox 284 2576 1900 2663; baseline -0.003 -17"><span class='ocrx_word' id='word_1_135' title='bbox 284 2582 492 2658; x_wconf 83' lang='lat' dir='ltr'><strong>Quem</strong></span> <span class='ocrx_word' id='word_1_136' title='bbox 520 2595 623 2644; x_wconf 89' lang='lat' dir='ltr'><strong>tua</strong></span> <span class='ocrx_word' id='word_1_137' title='bbox 650 2578 985 2663; x_wconf 84' lang='lat' dir='ltr'><strong>simplicitas</strong></span> <span class='ocrx_word' id='word_1_138' title='bbox 1012 2578 1195 2642; x_wconf 85' lang='lat' dir='ltr'><strong>risum</strong></span> <span class='ocrx_word' id='word_1_139' title='bbox 1222 2576 1398 2660; x_wconf 88' lang='lat' dir='ltr'><strong>vulgo</strong></span> <span class='ocrx_word' id='word_1_140' title='bbox 1425 2591 1684 2654; x_wconf 86' lang='lat' dir='ltr'><strong>moveat,</strong></span> <span class='ocrx_word' id='word_1_141' title='bbox 1717 2597 1900 2661; x_wconf 89' lang='lat' dir='ltr'><strong>quum</strong></span> 
     </span>
     <span class='ocr_line' id='line_1_23' title="bbox 284 2683 1732 2773; baseline -0.004 -20"><span class='ocrx_word' id='word_1_142' title='bbox 284 2688 503 2773; x_wconf 84' lang='lat' dir='ltr'><strong>Exigis</strong></span> <span class='ocrx_word' id='word_1_143' title='bbox 532 2708 567 2749; x_wconf 88' lang='lat' dir='ltr'><strong>a</strong></span> <span class='ocrx_word' id='word_1_144' title='bbox 595 2705 911 2770; x_wconf 87' lang='lat' dir='ltr'><strong>quoquam,</strong></span> <span class='ocrx_word' id='word_1_145' title='bbox 938 2705 1015 2746; x_wconf 89' lang='lat' dir='ltr'><strong>ne</strong></span> <span class='ocrx_word' id='word_1_146' title='bbox 1044 2683 1292 2767; x_wconf 89' lang='lat' dir='ltr'><strong>pejeret,</strong></span> <span class='ocrx_word' id='word_1_147' title='bbox 1323 2696 1383 2745; x_wconf 90' lang='lat' dir='ltr'><strong>et</strong></span> <span class='ocrx_word' id='word_1_148' title='bbox 1408 2696 1576 2766; x_wconf 88' lang='lat' dir='ltr'><strong>putet</strong></span> <span class='ocrx_word' id='word_1_149' title='bbox 1600 2683 1732 2747; x_wconf 91' lang='lat' dir='ltr'><strong>ullis</strong></span> 
     </span>
     <span class='ocr_line' id='line_1_24' title="bbox 282 2787 1786 2876; baseline -0.007 -18"><span class='ocrx_word' id='word_1_150' title='bbox 282 2793 446 2858; x_wconf 89' lang='lat' dir='ltr'><strong>Esse</strong></span> <span class='ocrx_word' id='word_1_151' title='bbox 476 2791 714 2876; x_wconf 83' lang='lat' dir='ltr'><strong>aliquod</strong></span> <span class='ocrx_word' id='word_1_152' title='bbox 741 2809 961 2853; x_wconf 87' lang='lat' dir='ltr'><strong>numen</strong></span> <span class='ocrx_word' id='word_1_153' title='bbox 988 2789 1223 2870; x_wconf 86' lang='lat' dir='ltr'><strong>templis</strong></span> <span class='ocrx_word' id='word_1_154' title='bbox 1249 2807 1484 2869; x_wconf 82' lang='lat' dir='ltr'><strong>araeque</strong></span> <span class='ocrx_word' id='word_1_155' title='bbox 1511 2787 1786 2850; x_wconf 87' lang='lat' dir='ltr'><strong>rubenti?</strong></span> 
     </span>
     <span class='ocr_line' id='line_1_25' title="bbox 287 2890 1990 2975; baseline -0.004 -14"><span class='ocrx_word' id='word_1_156' title='bbox 287 2898 614 2974; x_wconf 82' lang='lat' dir='ltr'><strong>Quondam</strong></span> <span class='ocrx_word' id='word_1_157' title='bbox 642 2895 757 2958; x_wconf 90' lang='lat' dir='ltr'><strong>hoc</strong></span> <span class='ocrx_word' id='word_1_158' title='bbox 786 2893 1073 2975; x_wconf 86' lang='lat' dir='ltr'><strong>indigenae</strong></span> <span class='ocrx_word' id='word_1_159' title='bbox 1100 2890 1378 2954; x_wconf 83' lang='lat' dir='ltr'><strong>vivebant</strong></span> <span class='ocrx_word' id='word_1_160' title='bbox 1403 2911 1594 2964; x_wconf 89' lang='lat' dir='ltr'><strong>more,</strong></span> <span class='ocrx_word' id='word_1_161' title='bbox 1621 2891 1782 2973; x_wconf 73' lang='lat' dir='ltr'><strong>prius</strong></span> <span class='ocrx_word' id='word_1_162' title='bbox 1811 2892 1990 2974; x_wconf 69' lang='lat' dir='ltr'><strong>quam</strong></span> 
     </span>
     <span class='ocr_line' id='line_1_26' title="bbox 290 2991 1720 3084; baseline -0.008 -17"><span class='ocrx_word' id='word_1_163' title='bbox 290 3003 575 3067; x_wconf 85' lang='lat' dir='ltr'><strong>Sumeret</strong></span> <span class='ocrx_word' id='word_1_164' title='bbox 602 3013 897 3084; x_wconf 75' lang='lat' dir='ltr'><strong>agrestem</strong></span> <span class='ocrx_word' id='word_1_165' title='bbox 922 2995 1113 3081; x_wconf 86' lang='lat' dir='ltr'><strong>posito</strong></span> <span class='ocrx_word' id='word_1_166' title='bbox 1136 2993 1474 3056; x_wconf 86' lang='lat' dir='ltr'><strong>diademate</strong></span> <span class='ocrx_word' id='word_1_167' title='bbox 1501 2991 1720 3056; x_wconf 88' lang='lat' dir='ltr'><strong>falcem</strong></span> 
     </span>
     <span class='ocr_line' id='line_1_27' title="bbox 291 3095 1868 3188; baseline -0.005 -16"><span class='ocrx_word' id='word_1_168' title='bbox 291 3107 581 3172; x_wconf 86' lang='lat' dir='ltr'><strong>Saturnus</strong></span> <span class='ocrx_word' id='word_1_169' title='bbox 607 3105 836 3188; x_wconf 82' lang='lat' dir='ltr'><strong>fugiens</strong></span> <span class='ocrx_word' id='word_1_170' title='bbox 859 3125 879 3182; x_wconf 84' lang='lat'><em>3</em></span> <span class='ocrx_word' id='word_1_171' title='bbox 920 3114 1083 3176; x_wconf 84' lang='lat' dir='ltr'><strong>tune,</strong></span> <span class='ocrx_word' id='word_1_172' title='bbox 1112 3119 1298 3184; x_wconf 85' lang='lat' dir='ltr'><strong>quum</strong></span> <span class='ocrx_word' id='word_1_173' title='bbox 1323 3097 1664 3181; x_wconf 84' lang='lat' dir='ltr'><strong>virguncula</strong></span> <span class='ocrx_word' id='word_1_174' title='bbox 1690 3095 1868 3176; x_wconf 87' lang='lat' dir='ltr'><strong>Jun0,</strong></span> 
     </span>
     <span class='ocr_line' id='line_1_28' title="bbox 288 3202 1572 3298; baseline -0.012 -20"><span class='ocrx_word' id='word_1_175' title='bbox 288 3211 378 3278; x_wconf 87' lang='lat' dir='ltr'><strong>Et</strong></span> <span class='ocrx_word' id='word_1_176' title='bbox 402 3213 663 3298; x_wconf 85' lang='lat' dir='ltr'><strong>privatus</strong></span> <span class='ocrx_word' id='word_1_177' title='bbox 690 3209 887 3274; x_wconf 82' lang='lat' dir='ltr'><strong>adhue</strong></span> <span class='ocrx_word' id='word_1_178' title='bbox 912 3205 1086 3270; x_wconf 85' lang='lat' dir='ltr'><strong>Idaeis</strong></span> <span class='ocrx_word' id='word_1_179' title='bbox 1112 3203 1344 3288; x_wconf 83' lang='lat' dir='ltr'><strong>Jupiter</strong></span> <span class='ocrx_word' id='word_1_180' title='bbox 1373 3202 1572 3266; x_wconf 87' lang='lat' dir='ltr'><strong>antris.</strong></span> 
     </span>
    </p>

    <p class='ocr_par' dir='ltr' id='par_1_9' title="bbox 202 3307 1636 3400">
     <span class='ocr_line' id='line_1_29' title="bbox 202 3307 1636 3400; baseline -0.009 -16"><span class='ocrx_word' id='word_1_181' title='bbox 202 3340 211 3348; x_wconf 92' lang='lat'><strong>·</strong></span> <span class='ocrx_word' id='word_1_182' title='bbox 292 3317 479 3383; x_wconf 90' lang='lat' dir='ltr'><strong>Nulla</strong></span> <span class='ocrx_word' id='word_1_183' title='bbox 506 3337 683 3400; x_wconf 88' lang='lat' dir='ltr'><strong>super</strong></span> <span class='ocrx_word' id='word_1_184' title='bbox 710 3315 900 3377; x_wconf 86' lang='lat' dir='ltr'><strong>nubes</strong></span> <span class='ocrx_word' id='word_1_185' title='bbox 926 3309 1191 3376; x_wconf 80' lang='lat' dir='ltr'><strong>convivia</strong></span> <span class='ocrx_word' id='word_1_186' title='bbox 1213 3307 1636 3386; x_wconf 82' lang='lat' dir='ltr'><strong>eoelieolarum,</strong></span> 
     </span>
    </p>

    <p class='ocr_par' dir='ltr' id='par_1_10' title="bbox 293 3399 1845 3508">
     <span class='ocr_line' id='line_1_30' title="bbox 293 3399 1845 3508; baseline -0.006 -21"><span class='ocrx_word' id='word_1_187' title='bbox 293 3423 360 3487; x_wconf 91' lang='lat' dir='ltr'>N</span> <span class='ocrx_word' id='word_1_188' title='bbox 360 3445 434 3487; x_wconf 85' lang='lat' dir='ltr'><strong>ee</strong></span> <span class='ocrx_word' id='word_1_189' title='bbox 462 3443 613 3508; x_wconf 87' lang='lat' dir='ltr'><strong>puer</strong></span> <span class='ocrx_word' id='word_1_190' title='bbox 638 3419 871 3496; x_wconf 83' lang='lat' dir='ltr'><strong>Iliacus,</strong></span> <span class='ocrx_word' id='word_1_191' title='bbox 902 3417 1159 3480; x_wconf 85' lang='lat' dir='ltr'><strong>formosa</strong></span> <span class='ocrx_word' id='word_1_192' title='bbox 1184 3435 1302 3478; x_wconf 81' lang='lat' dir='ltr'><strong>nee</strong></span> <span class='ocrx_word' id='word_1_193' title='bbox 1321 3411 1602 3478; x_wconf 83' lang='lat' dir='ltr'><strong>Herculis</strong></span> <span class='ocrx_word' id='word_1_194' title='bbox 1631 3435 1786 3478; x_wconf 89' lang='lat' dir='ltr'><strong>uxor</strong></span> <span class='ocrx_word' id='word_1_195' title='bbox 1835 3399 1845 3414; x_wconf 49' lang='lat'>⁸</span> 
     </span>
    </p>
   </div>
   <div class='ocr_carea' id='block_1_5' title="bbox 294 3525 1714 3670">
    <p class='ocr_par' dir='ltr' id='par_1_11' title="bbox 294 3525 1714 3670">
     <span class='ocr_line' id='line_1_31' title="bbox 294 3525 1714 3670; baseline -0.008 -76"><span class='ocrx_word' id='word_1_196' title='bbox 294 3529 397 3594; x_wconf 80' lang='lat' dir='ltr'><strong>Ad</strong></span> <span class='ocrx_word' id='word_1_197' title='bbox 426 3527 695 3614; x_wconf 72' lang='lat' dir='ltr'><strong>cyathos,</strong></span> <span class='ocrx_word' id='word_1_198' title='bbox 718 3540 787 3590; x_wconf 81' lang='lat' dir='ltr'><strong>et</strong></span> <span class='ocrx_word' id='word_1_199' title='bbox 802 3526 933 3612; x_wconf 87' lang='lat' dir='ltr'><strong>jam</strong></span> <span class='ocrx_word' id='word_1_200' title='bbox 958 3525 1181 3670; x_wconf 44' lang='lat' dir='ltr'><strong>siega‘to</strong></span> <span class='ocrx_word' id='word_1_201' title='bbox 1209 3533 1452 3588; x_wconf 79' lang='lat' dir='ltr'><strong>nectare</strong></span> <span class='ocrx_word' id='word_1_202' title='bbox 1477 3532 1714 3605; x_wconf 81' lang='lat' dir='ltr'><strong>tergens</strong></span> 
     </span>
    </p>
   </div>
   <div class='ocr_carea' id='block_1_6' title="bbox 2097 344 2213 549">
    <p class='ocr_par' dir='ltr' id='par_1_12' title="bbox 2097 344 2213 549">
     <span class='ocr_line' id='line_1_32' title="bbox 2097 344 2213 403; baseline 0 0"><span class='ocrx_word' id='word_1_203' title='bbox 2097 344 2213 403; x_wconf 88' lang='grc'><strong>101</strong></span> 
     </span>
     <span class='ocr_line' id='line_1_33' title="bbox 2137 492 2212 549; baseline 0 0"><span class='ocrx_word' id='word_1_204' title='bbox 2137 492 2212 549; x_wconf 80' lang='grc'><strong>15</strong></span> 
     </span>
    </p>
   </div>
   <div class='ocr_carea' id='block_1_7' title="bbox 2129 1014 2216 1073">
    <p class='ocr_par' dir='ltr' id='par_1_13' title="bbox 2129 1014 2216 1073">
     <span class='ocr_line' id='line_1_34' title="bbox 2129 1014 2216 1073; baseline -0.023 0"><span class='ocrx_word' id='word_1_205' title='bbox 2129 1014 2216 1073; x_wconf 82' lang='lat'><strong>20</strong></span> 
     </span>
    </p>
   </div>
   <div class='ocr_carea' id='block_1_8' title="bbox 2129 1536 2214 1595">
    <p class='ocr_par' dir='ltr' id='par_1_14' title="bbox 2129 1536 2214 1595">
     <span class='ocr_line' id='line_1_35' title="bbox 2129 1536 2214 1595; baseline -0.024 0"><span class='ocrx_word' id='word_1_206' title='bbox 2129 1536 2214 1595; x_wconf 79' lang='lat'><strong>25</strong></span> 
     </span>
    </p>
   </div>
   <div class='ocr_carea' id='block_1_9' title="bbox 2146 2060 2230 2117">
    <p class='ocr_par' dir='ltr' id='par_1_15' title="bbox 2146 2060 2230 2117">
     <span class='ocr_line' id='line_1_36' title="bbox 2146 2060 2230 2117; baseline 0 0"><span class='ocrx_word' id='word_1_207' title='bbox 2146 2060 2230 2117; x_wconf 85' lang='lat'><strong>30</strong></span> 
     </span>
    </p>
   </div>
   <div class='ocr_carea' id='block_1_10' title="bbox 2147 2586 2228 2644">
    <p class='ocr_par' dir='ltr' id='par_1_16' title="bbox 2147 2586 2228 2644">
     <span class='ocr_line' id='line_1_37' title="bbox 2147 2586 2228 2644; baseline 0 0"><span class='ocrx_word' id='word_1_208' title='bbox 2147 2586 2228 2644; x_wconf 82' lang='lat'><strong>35</strong></span> 
     </span>
    </p>
   </div>
   <div class='ocr_carea' id='block_1_11' title="bbox 2151 3113 2236 3171">
    <p class='ocr_par' dir='ltr' id='par_1_17' title="bbox 2151 3113 2236 3171">
     <span class='ocr_line' id='line_1_38' title="bbox 2151 3113 2236 3171; baseline -0.012 0"><span class='ocrx_word' id='word_1_209' title='bbox 2151 3113 2236 3171; x_wconf 85' lang='lat'><strong>40</strong></span> 
     </span>
    </p>
   </div>
  </div>
 </body>
</html>
