2411 3890
984 287 1227 337 SATIRA
1258 287 1329 336 11.

189 435 546 499 Montanum
577 436 778 520 positis
809 436 1038 498 audiret
1063 437 1273 519 vulgus
1301 434 1523 498 aratris-

191 538 360 611 Quid
392 562 508 603 non
539 541 983 626 proclames„in
1013 561 1264 624 corpore
1284 539 1505 626 judicis
1534 539 1643 602 ista

195 643 262 706 Si
291 644 548 708 videas?
639 644 883 720 Quaero,
915 667 988 706 an
1019 645 1277 708 deceant
1306 643 1563 706 multicia
1593 656 1803 706 testem
1829 641 1855 704 ?

191 751 378 826 Acer,
411 763 473 812 et
497 749 836 828 indomitus,
865 750 1259 832 libertatisque
1290 749 1588 830 magister,

193 853 462 938 Cretice‚
491 855 789 937 perluces.
877 854 1067 916 Dedit
1093 855 1247 917 hanc
1276 853 1549 938 contagio
1588 853 1807 929 labem,

194 957 282 1020 Et
309 959 476 1020 dabit
502 959 560 1020 in
590 959 833 1041 plures3
877 959 1027 1022 sicut
1053 980 1202 1042 grex
1234 973 1387 1022 totus
1406 960 1464 1021 in
1497 958 1649 1042 agris

193 1061 392 1124 Unius
419 1063 622 1125 scabie
651 1063 812 1126 cadit
833 1077 894 1126 et
921 1063 1215 1147 porrigine
1246 1064 1433 1146 porci,

194 1165 454 1250 Uvaque
483 1168 806 1251 conspecta
831 1169 1078 1231 livorem
1107 1169 1271 1230 ducit
1300 1170 1375 1230 ab
1410 1169 1547 1230 uva.
1566 1197 1675 1259 s‘

287 1270 541 1334 Foedius
569 1273 684 1335 hoc
715 1273 933 1355 aliquid
965 1273 1319 1355 quandoque
1350 1272 1599 1335 audebis
1627 1273 1867 1337 amictu.

198 1375 407 1438 Nemo
435 1377 682 1459 repente
711 1378 872 1439 venit
897 1377 1285 1460 turpissimus.
1376 1377 1693 1462 Accipient
1720 1393 1781 1442 te

199 1479 521 1557 Paulatim,
551 1481 652 1563 qui
679 1481 854 1564 longa
884 1482 1044 1544 domi
1073 1480 1423 1546 redimicula
1450 1496 1689 1546 sumunt

197 1583 544 1661 Frontibus,
575 1599 637 1647 et
662 1598 783 1648 toto
811 1586 1064 1668 posuere
1093 1586 1331 1648 monilia
1358 1585 1533 1662 colle,

199 1689 402 1771 Atque
421 1689 672 1760 Bonam
699 1703 914 1753 tenerae
943 1690 1181 1773 placant
1208 1688 1523 1754 abdomine
1552 1713 1769 1774 porcae,

195 1789 292 1854 Et
319 1813 538 1874 magno
563 1806 815 1868 cratere,
844 1793 1069 1856 Deam.
1161 1794 1286 1857 Sed
1311 1816 1477 1857 more
1508 1795 1737 1858 sinistro
1788 1829 1797 1838 ·

203 1891 528 1982 Exagitata
555 1898 764 1983 procul
791 1919 910 1963 non
937 1898 1108 1963 intrat
1134 1897 1379 1961 foemina
1405 1899 1607 1962 limen.

204 2005 368 2068 Solis
398 2026 500 2067 ara
527 2004 680 2067 Deae
713 2005 970 2067 maribus
1000 2016 1180 2087 patet.
1270 2002 1361 2064 Ite
1391 2001 1645 2085 profanat
1671 2004 1687 2066 Ξ

201 2108 563 2175 clamatur:
607 2110 766 2175 nullo
795 2109 976 2194 gemit
1004 2108 1104 2175 hic
1131 2108 1367 2175 tibicina
1394 2130 1601 2175 cornu.

197 2213 386 2278 Talia
412 2215 646 2277 secreta
667 2216 980 2279 coluerunt
1016 2215 1202 2297 Orgia
1228 2214 1385 2277 taeda

203 2316 573 2401 Cecropiam
603 2318 752 2381 soliti
779 2318 990 2400 Baptae
1019 2320 1240 2380 lassare
1271 2318 1537 2399 Cotytto.

207 2420 320 2484 Ille
351 2423 728 2505 supercilium
758 2421 1002 2483 madida
1030 2420 1269 2504 fuligine
1298 2436 1519 2485 tactum

205 2525 478 2609 Obliqua
505 2527 775 2610 producit
803 2548 938 2607 acu,
968 2527 1267 2610 pingitque
1294 2540 1613 2593 trementes

207 2630 507 2694 Attollens
535 2632 741 2693 oculos
767 2653 783 2692 t
828 2632 1012 2694 vitreo
1037 2632 1184 2695 bibit
1212 2632 1309 2695 ille
1338 2633 1581 2718 Priap0‚

210 2733 680 2816 Reticulumque
713 2735 900 2797 comis
930 2750 1197 2799 auratum
1237 2737 1569 2820 ingentibus
1594 2740 1819 2823 implet,

207 2836 494 2901 Caerulea
522 2838 760 2902 indutus
789 2841 1096 2915 scutulata,
1127 2854 1227 2903 aut
1260 2842 1508 2924 galbana
1536 2864 1688 2918 rasa,

211 2940 302 3003 Et
331 2963 439 3025 per
465 2940 766 3004 Junonem
795 2943 1018 3005 domini
1035 2943 1273 3027 jurante
1302 2946 1585 3007 ministro.

212 3045 324 3109 Ille
353 3058 518 3109 tenet
533 3046 860 3127 speculum,
893 3048 1108 3130 pathici
1139 3061 1445 3130 gestamen
1476 3048 1751 3125 OthoniS,
1858 3034 1871 3045 ⁹

217 3148 458 3214 Actoris
487 3150 750 3217 Aurunci
782 3151 1054 3233 spolium,
1082 3174 1202 3234 quo
1232 3172 1296 3214 se
1326 3152 1423 3215 ille
1452 3153 1689 3217 videbat

215 3254 554 3329 Armatum,
587 3274 769 3336 quum
787 3254 915 3339 jam
948 3256 1066 3319 tolli
1093 3255 1309 3318 vexilla
1328 3255 1587 3340 juberet.

217 3358 355 3426 Res
377 3358 762 3424 memoranda
789 3359 956 3422 novis
985 3360 1307 3436 annalibus,
1334 3376 1509 3444 atque
1537 3365 1759 3427 recenti

213 3460 506 3545 Historia,
537 3464 844 3549 speculum
875 3464 1057 3535 civilis
1086 3466 1316 3539 sarcina
1342 3466 1500 3535 belli.

2064 747 2149 808 60

2066 1277 2148 1337 65

2071 1804 2155 1860 70

2075 2324 2159 2380 75

2081 2844 2163 2904 80

2084 3368 2165 3427 85
