2411 3890
48 459 72 690 ἰ

49 1327 59 1481 t

49 1825 63 2090 ξ

45 2117 59 2701 ἓ

959 205 1217 294 §imm
1245 243 1388 294 vm.

2086 243 2171 304 63

303 391 413 457 His
442 413 556 476 ego
587 411 768 476 quem
795 391 1043 456 monui?
1083 406 1289 484 tecum
1318 405 1411 456 est
1436 391 1581 456 mihi
1608 406 1829 466 sermo,
1860 387 2103 452 Rubelli

215 492 463 562 Blande.
553 495 790 560 Tumes
819 498 938 560 alto
965 497 1303 562 Drusorum
1330 511 1664 572 stemmate,
1694 509 1975 578 tanquam
2076 496 2161 554 40

216 600 612 686 Fecerisipse
633 601 884 686 aliquid,
911 615 1156 686 propter
1185 602 1347 686 quod
1374 601 1585 666 nobilis
1614 621 1797 676 essee,

213 703 298 768 Ut
322 721 379 770 te
407 709 770 791 conciperet,
801 727 930 790 quae
961 707 1247 790 sanguine
1272 705 1457 790 fulget
1485 706 1634 784 Iuli3

211 809 274 874 N
274 832 348 874 on
375 833 506 895 quae
535 826 781 877 ventoso
810 812 1108 876 conducta
1135 813 1247 876 sub
1278 831 1497 894 aggere
1525 809 1695 874 texit.

208 912 330 978 Vos
356 916 628 992 humiles,
659 917 870 999 inquiS,
899 917 1055 1000 vulgi
1084 937 1223 1000 pare
1250 916 1453 980 ultima
1480 914 1683 990 nostri,

209 1013 480 1092 Quorum
509 1041 690 1084 nemo
719 1034 900 1104 queat
925 1021 1174 1104 patriam
1205 1033 1533 1086 monstrare
1562 1019 1864 1102 parentis3

205 1124 312 1187 Ast
337 1143 454 1208 ego
481 1118 876 1208 Cecropides.
964 1123 1170 1200 VivaS,
1201 1138 1263 1188 et
1288 1123 1527 1205 originis
1552 1122 1729 1206 hujus

206 1227 438 1292 Gaudia
466 1231 640 1313 longa
671 1228 864 1310 ἴθι-ως
893 1244 1108 1293 tamen
1137 1227 1261 1290 ima
1288 1227 1461 1310 plebe
1492 1224 1789 1299 Quiritem

202 1331 552 1397 Facundum
583 1335 846 1398 invenies
871 1358 888 1396 ε
931 1334 1080 1398 solet
1107 1333 1205 1396 hic
1236 1331 1564 1396 defendere
1594 1351 1805 1396 causas

199 1435 424 1502 Nobilis
451 1439 695 1502 indocti.
784 1437 1003 1502 Veniet
1031 1439 1108 1502 de
1135 1438 1315 1522 plebe
1343 1435 1563 1520 togata,

193 1541 315 1616 Qui
332 1544 484 1627 juris
512 1544 704 1608 nodos
731 1557 792 1606 et
817 1546 1018 1627 legum
1047 1543 1357 1626 {enigmata
1383 1543 1588 1606 solvat.

194 1645 310 1711 Hic
339 1649 486 1732 petit
513 1646 866 1732 Euphraten
881 1647 1138 1732 juvenis,
1171 1647 1493 1731 domitique
1526 1646 1739 1710 Batavi

189 1749 488 1814 Custodes
515 1751 758 1834 aquilas,
789 1751 965 1814 armis
991 1751 1307 1814 industrius
1330 1772 1351 1828 3
1396 1763 1457 1812 at
1482 1763 1545 1814 tu

185 1855 304 1932 Nil,
333 1856 444 1918 nisi
473 1855 864 1939 Cecropides,
893 1869 1221 1936 truncoque
1250 1855 1575 1918 simillimus
1602 1852 1873 1918 Hermai.

185 1958 366 2024 Nullo
396 1962 614 2045 quippe
646 1961 761 2023 alio
789 1960 974 2023 vincis
1003 1958 1359 2033 discrimine,
1388 1957 1566 2039 quam
1597 1957 1758 2041 quod

183 2064 264 2127 nli
293 2086 694 2128 marmoreum
722 2076 902 2147 caput
927 2076 1039 2141 est,
1068 2077 1168 2127 tua
1199 2062 1337 2125 vivit
1363 2062 1581 2146 imago.
1598 2110 1623 2129 κ

183 2168 296 2233 Dic
325 2170 487 2245 mihi,
517 2169 894 2233 Teucrorum
922 2169 1139 2252 proles,
1171 2168 1444 2232 animalia
1472 2182 1635 2248 muta

183 2272 330 2347 Quis
357 2294 648 2357 generosa
676 2285 860 2357 putet,
891 2274 999 2337 nisi
1026 2272 1247 2337 sortia?
1290 2294 1511 2357 nempe
1541 2258 1839 2337 volucrem

182 2375 279 2441 Sic
309 2377 620 2441 laudamus
647 2370 892 2461 equum,
921 2376 1078 2441 facili
1107 2378 1207 2441 cui
1234 2376 1483 2460 piurima
1510 2376 1711 2461 palma

181 2480 414 2558 Fervet,
447 2496 506 2544 et
533 2483 789 2547 exsultat
815 2504 1006 2565 rauco·
1027 2482 1271 2545 victoria
1301 2481 1506 2547 Circo.

179 2585 406 2650 Nobilis
431 2587 550 2663 hic,
582 2607 934 2671 quocunque
969 2589 1128 2653 venit
1157 2588 1235 2652 de
1264 2591 1549 2673 gramine,
1580 2590 1749 2676 cujus

177 2688 346 2755 Clara
374 2690 516 2774 suga
545 2705 680 2755 ante
709 2692 872 2769 ahoe,
903 2707 964 2755 et
991 2696 1213 2777 primus
1241 2694 1301 2758 in
1332 2716 1565 2778 aequore
1596 2697 1824 2781 pulvis:

182 2794 294 2859 Sed
323 2797 532 2861 venale
559 2818 748 2881 pecus
779 2796 1082 2879 Corythae,
1112 2799 1421 2879 posteritas
1450 2813 1511 2863 et

181 2897 422 2987 Hirpini,
452 2902 500 2964 si
529 2922 658 2967 rara
677 2902 828 2985 jugo
855 2901 1099 2964 victoria
1127 2902 1299 2963 sedit.

177 3003 268 3067 Nil
295 3005 371 3067 ibi
401 3006 694 3089 maj6rum‘
717 3008 1042 3090 respectuS,
1072 3006 1255 3089 gratia
1282 3006 1441 3069 nulla

177 3106 522 3173 Umbrarum
547 3133 566 3173 e
611 3111 884 3175 dominos
911 3110 1112 3195 pretiis
1139 3124 1371 3175 mutare
1390 3112 1673 3197 jubentur

176 3210 428 3298 Exiguis,
457 3212 708 3299 tritoque
729 3217 972 3281 trahunt
1000 3218 1487 3302 epirhediascollo

181 3314 549 3403 Segnipedes,
579 3321 857 3405 dignique
887 3323 1104 3389 molam
1134 3344 1372 3387 versare
1392 3323 1666 3409 Nepotis.

179 3418 340 3506 Ergo,
373 3438 438 3493 ut
465 3426 750 3498 miremur
777 3440 859 3507 te,
888 3449 1006 3499 non
1037 3442 1156 3507 tua,
1185 3429 1443 3522 primum
1474 3430 1690 3514 aliquid
1716 3430 1815 3513 da,

2067 1023 2150 1080 45

1986 1547 2142 1604 -50

2044 2070 2123 2127 55

2030 2595 2115 2654 60

2018 3121 2099 3180 65
