2411 3890
963 274 1216 327 sA'rmA‘
1239 274 1354 325 xv.
2021 274 2140 335 123

178 422 303 486 Aut
333 422 627 502 verubus3
672 422 913 507 longum
943 445 1131 508 usque
1162 425 1318 488 adeo
1347 422 1700 506 tardumque
1733 419 1952 505 putavit

85 594 95 602 ,
180 525 561 611 Exspectare
592 526 779 603 socoS,
809 542 1085 593 contenta
1114 530 1410 592 cadavere
1440 528 1650 591 crudo.
1703 588 1712 599 ‚

160 618 327 707 Hic,
360 633 623 715 gaudere
654 633 813 707 libet,
846 633 1006 715 quod
1035 654 1153 696 non
1182 634 1488 695 violaverit
1515 633 1736 714 ignem,

180 734 390 809 Quem
421 736 657 799 summa
684 738 820 799 coeli
850 750 1083 820 raptum
1112 738 1189 799 de
1221 751 1386 820 parto
1419 734 1816 799 Prometheus
2059 736 2140 793 85

178 840 445 904 Donavit
474 842 661 904 terris.
753 840 1075 905 Elemento
1105 843 1384 923 gratulor,
1415 853 1476 902 et
1502 853 1562 902 te

179 944 505 1008 Exsultare
536 967 690 1010 reor.
786 946 911 1009 Sed
944 947 1043 1029 qui
1076 945 1352 1008 mordere
1382 944 1643 1007 cadaver

181 1049 491 1127 Sustinuit,
522 1051 601 1113 nil
632 1071 889 1135 unquam
919 1049 1035 1113 hac
1066 1072 1246 1113 carne
1276 1049 1548 1113 libentius
1571 1048 1715 1110 edit.

178 1153 349 1219 Nam
379 1156 605 1219 scelere
634 1156 693 1217 in
724 1168 885 1219 tanto
912 1177 987 1217 ne
1010 1176 1262 1237 quaet-ae,
1292 1167 1353 1216 et
1383 1154 1634 1227 dubiteS,
1667 1173 1742 1213 an

181 1257 391 1322 Prima
422 1262 781 1343 voluptatem
812 1261 951 1343 gula
976 1259 1246 1322 senserit.
1335 1256 1596 1319 Ultimus
1625 1268 1844 1330 autem,
2064 1257 2146 1315 90

178 1363 311 1438 Qui
342 1366 499 1427 stetit
528 1366 837 1449 absumpto
856 1366 985 1449 jam
1014 1377 1139 1427 toto
1166 1384 1442 1447 corpore,
1473 1361 1666 1424 ductis

180 1468 311 1532 Per
338 1482 557 1531 terram
588 1470 800 1553 digitis,
825 1470 1039 1553 aliquid
1072 1470 1149 1532 de
1180 1470 1464 1552 sanguine
1497 1481 1712 1548 gustat.

178 1572 515 1649 Vascones,
545 1576 673 1636 haec
705 1574 863 1637 sama
892 1589 1001 1651 est,
1034 1576 1324 1637 alimentis
1351 1574 1562 1636 talibus
1593 1574 1734 1637 olim

179 1676 541 1740 Produxere
574 1679 797 1741 animas
824 1701 841 1740 τ
886 1679 991 1743 sed
1022 1702 1117 1742 res
1148 1681 1400 1755 diversa,
1433 1680 1540 1742 sed
1569 1678 1688 1740 illic

178 1782 463 1847 Fortunae
493 1784 707 1846 invidia
736 1797 846 1859 est,
876 1784 1286 1866 bellorumque
1315 1783 1541 1859 ultima,
1566 1804 1742 1846 casus
2063 1786 2144 1842 95

174 1886 487 1964 Extremi,
514 1889 709 1973 longae
742 1890 867 1952 dira
901 1887 1220 1950 obsidionis
1251 1900 1505 1969 egestas.

178 1993 389 2080 Hujus
418 1995 597 2072 enim,
630 1996 792 2079 quod
822 2016 978 2056 nunc
1010 1993 1218 2076 agitur,
1249 1992 1582 2054 miserabile
1611 1991 1791 2054 debet

174 2098 558 2184 Exemplum
588 2121 721 2162 esse
752 2098 866 2161 cibi
891 2119 911 2175 3
956 2097 1106 2160 sicut
1135 2095 1316 2159 modo
1347 2097 1504 2158 dicta
1533 2097 1672 2160 mihi
1702 2118 1848 2180 gens

178 2202 339 2267 Post
366 2225 574 2267 omnes
601 2203 837 2279 herbae,
867 2215 1004 2288 post
1032 2216 1248 2266 cuncta
1279 2203 1571 2279 animalia,
1603 2203 1888 2286 quidquid

178 2306 463 2391 Cogebat
490 2309 661 2371 vacui
690 2309 907 2370 ventris
934 2307 1115 2381 furor,
1144 2309 1408 2370 hostibus
1437 2308 1577 2388 ipsis
2027 2313 2146 2368 100

177 2412 488 2476 Pallorem
520 2437 591 2477 ac
622 2415 877 2476 maciem
909 2426 969 2474 et
996 2427 1205 2475 tenues
1235 2412 1648 2475 miserantibus
1677 2425 1856 2488 artus,

178 2517 467 2581 Membra
496 2519 685 2582 aliena
713 2517 871 2581 fame
900 2519 1259 2595 lacerabant,
1291 2539 1426 2582 esse
1455 2519 1642 2603 parati

178 2622 273 2686 Et
302 2645 428 2685 sua.
520 2623 815 2697 Quisnam
846 2625 1151 2688 hominum
1173 2625 1406 2689 veniam
1431 2625 1596 2703 dare,
1623 2627 1826 2710 quisve
1853 2627 2101 2690 deorum

176 2725 427 2791 Viribus
458 2728 723 2791 abnuerit
752 2729 877 2791 dira
906 2743 1083 2811 atque
1114 2731 1393 2794 immania
1421 2733 1628 2812 passiS,

178 2831 273 2897 Et
302 2833 514 2916 quibus
542 2833 771 2896 illorum
802 2845 1071 2916 poterant
1098 2833 1410 2914 ignoscere
1441 2855 1668 2909 manee,
2025 2839 2142 2894 105

178 2937 467 3014 Quorum
496 2940 840 3024 corporibus
866 2937 1308 3000 vescebantur?
1399 2937 1622 3000 Melius
1650 2959 1758 3000 nos

182 3043 452 3107 Zenonis
481 3059 778 3128 praecepta
806 3057 1087 3106 monent:
1136 3061 1250 3103 nec
1281 3041 1440 3103 enim
1469 3042 1686 3118 omnia,
1719 3041 2001 3125 quaedam

183 3148 317 3211 Pro
344 3147 463 3210 vita
489 3148 763 3212 facienda
794 3161 975 3232 putat.
1069 3146 1193 3210 Sed
1227 3130 1530 3209 Cantaber
1558 3148 1718 3211 unde

186 3253 450 3331 Sto'l'cuS,
482 3255 700 3337 antiqui
728 3253 1051 3336 praesertim
1084 3265 1251 3315 aetate
1283 3252 1562 3315 Metelli?

184 3357 372 3420 Nunc
401 3371 557 3420 totus
588 3359 801 3420 Graias
828 3373 1175 3440 nostrasque
1204 3358 1386 3420 habet
1405 3359 1562 3422 orbis
1591 3361 1878 3424 Athenas.
2027 3365 2148 3420 110

188 3460 389 3526 Gallia
417 3462 753 3526 causidicos
782 3462 985 3526 docuit
1012 3461 1272 3525 facunda
1302 3461 1619 3528 Britannos
1647 3486 1662 3526 ε
1746 3442 1759 3455 “
