2411 3890
878 308 1121 361 sulm
1151 312 1302 361 xm.
1944 316 2064 377 107

109 448 431 519 Occultum
462 456 757 539 quatiente
788 459 985 523 animo
1010 472 1230 523 tortore
1257 459 1600 544 flagellum?
1725 498 1740 507 -
1945 460 2064 521 19⁶

108 554 303 621 Poena
332 572 535 624 autem
562 562 891 627 vehemens
921 586 991 627 ac
1021 565 1208 627 multo
1237 566 1442 629 soevior
1471 564 1604 643 illis,'

107 660 282 736 Quas
310 678 370 727 et
398 664 701 731 Caedicius
729 668 919 751 gravis
946 669 1185 745 invenit,
1216 683 1277 733 et
1305 670 1823 749 Rhadamanthum

106 765 309 833 Nocte
338 770 559 856 dieque
588 794 763 835 suum
794 786 1025 857 gestare
1054 775 1115 837 in
1143 789 1390 858 pectore
1421 789 1658 838 testem.

196 874 493 959 Spartano
520 877 759 940 cuidam
790 878 1093 963 respondit
1120 880 1342 961 Pythia
1370 896 1538 943 vates
1563 902 1580 942 z

113 976 295 1043 Haud
324 981 674 1064 impunitum
698 984 1001 1066 quondam
1028 983 1177 1060 fore,
1211 983 1370 1067 quod
1401 984 1696 1048 dubitaret
1939 988 2068 1047 200

112 1083 469 1169 Depositum
498 1088 777 1163 retinere,
808 1100 869 1150 et
894 1088 1214 1151 fraudem
1187 1110 1326 1172 jure
1355 1090 1508 1150 tueri
2088 1070 2102 1085 ⁶

110 1186 422 1252 Jurando:
466 1193 762 1275 quaerebat
794 1193 975 1268 enim,
1007 1213 1145 1275 quae
1176 1192 1430 1253 numinis
1460 1205 1616 1253 esset

112 1290 312 1371 Mens,
342 1307 403 1356 et
432 1306 524 1357 an·
536 1297 652 1359 hoc
680 1292 771 1359 119
790 1294 1015 1359 facinus
1044 1296 1334 1365 suaderet
1351 1265 1607 1377 A⁴pollo.
1595 1294 1622 1341 Ρ

112 1397 410 1461 Reddidit
438 1420 579 1482 ergo
610 1413 793 1476 metu,
821 1422 940 1462 non
968 1400 1274 1478 moribus;
1320 1416 1381 1461 et
1408 1413 1606 1463 tamen
1635 1420 1876 1464 omnem

115 1500 356 1567 Vocem
388 1505 547 1587 adyti
578 1505 817 1587 dignam
843 1505 1067 1588 templo
1094 1525 1420 1587 veramque
1449 1504 1720 1589 probavit
1939 1509 2068 1569 205

115 1608 473 1673 Exstinctus
496 1607 621 1671 tota
648 1610 863 1691 pariter
892 1632 1031 1672 cum
1062 1610 1230 1692 prole
1260 1610 1581 1694 domoque,

115 1711 217 1790 Et,
251 1713 520 1797 quamvis
547 1712 727 1795 longa
753 1703 1249 1795 deductis'gente,
1277 1716 1641 1798 propinqui&

116 1815 251 1881 Has
280 1818 499 1903 patitur
525 1818 1056 1901 pamas-peccandi
1087 1820 1212 1879 sola
1241 1819 1512 1880 voluntas
1542 1842 1558 1879 ε

119 1908 283 2008 Nam
314 1924 513 1988 scelus
538 1923 688 1987 intra
718 1944 781 1986 se
810 1923 1071 1988 tacitum,
1086 1922 1186 2004 qui
1215 1922 1434 2002 cogitat
1463 1922 1668 1998 ullum,

29 2033 31 2038 ’
123 2029 297 2094 Facti
326 2029 555 2092 crimen
582 2029 782 2093 habet.
875 2026 1075 2102 Cedo,
1104 2026 1153 2088 si
1181 2014 1394 2089 con'ata
1421 2024 1704 2110 peregit?
1949 2030 2078 2090 210

124 2135 431 2224 Peg-petua
462 2135 726 2198 anxietas
755 2154 870 2197 nec
898 2154 1119 2196 mensae
1148 2114 1418 2216 tempore
1449 2145 1664 2209 cessat,

126 2239 431 2304 Faucibus
459 2253 525 2304 ut
551 2241 759 2302 mor-bo
788 2230 982 2327 sicciS,
1012 2239 1280 2321 interque
1310 2239 1564 2300 molares

126 2345 375 2409 Difficili
404 2357 712 2408 crescente
742 2342 875 2405 cibo
902 2365 919 2404 t
963 2343 1070 2405 sed
1100 2343 1236 2403 vina
1263 2341 1526 2401 misellus

128 2450 435 2535 Exspuit3
477 2449 695 2512 Albani
723 2447 940 2510 veteris
966 2429 1222 2530 pretiosa
1251 2456 1526 2506 senectus

130 2551 447 2640 Displicet.
540 2553 839 2617 Ostendas
867 2551 1099 2626 melina„
1130 2549 1480 2614 densissima
1507 2570 1658 2633 ruga
1957 2551 2083 2611 215

135 2657 432 2741 Cogitur
417 2680 477 2718 m
505 2656 777 2732 frontem,
806 2656 965 2718 velut
994 2653 1115 2717 acri
1144 2654 1324 2717 ducta
1354 2651 1634 2716 Falerno.
2091 2645 2102 2657 ’

134 2766 339 2829 Nocte
367 2765 613 2826 brevem
642 2762 690 2824 si
718 2759 885 2822 sorte
897 2758 1135 2820 indulsit
1160 2780 1306 2821 cura
1334 2778 1632 2840 soporem,

137 2870 227 2933 Et
256 2882 381 2930 toto
408 2879 639 2930 versata
665 2879 795 2927 toro
812 2862 944 2948 jam
974 2861 1246 2922 membra
1273 2860 1626 2940 quiescunt,

138 2971 447 3039 Continuo
473 2971 759 3054 templum
788 2980 851 3030 et
875 2964 1071 3028 violati
1100 2962 1352 3025 numinis
1383 2981 1535 3036 arae,

140 3079 252 3155 Et,
285 3077 447 3168 quod
473 3075 787 3159 praecipuis
814 3084 1079 3134 mentem
1108 3067 1421 3130 sudoribus
1451 3076 1640 3148 urget,
1971 3067 2100 3128 220

59 3239 62 3252 .
144 3182 249 3246 Te
276 3183 441 3244 videt
466 3181 527 3243 in
554 3179 809 3243 somnis:
854 3191 957 3240 tua
986 3195 1155 3255 sacra
1183 3186 1245 3236 et
1272 3171 1460 3255 major
1489 3170 1687 3254 imago

150 3285 441 3350 Humana
468 3285 661 3348 turbat
685 3281 990 3367 pavidum,
1018 3279 1296 3362 cogitque
1325 3273 1516 3339 fateri.

63 3429 65 3444 =
154 3391 244 3454 Hi
270 3404 425 3466 sunt,
455 3389 555 3473 qui
582 3387 895 3471 trepidant,
927 3398 989 3448 et
1016 3384 1093 3448 ad
1122 3381 1324 3444 omnia
1351 3378 1580 3463 fulgura
1607 3378 1846 3464 pallent,

65 3507 70 3594 ἰ,
161 3494 371 3571 Quum
399 3505 583 3570 tonat,
612 3490 921 3555 exanimes
948 3489 1140 3573 primo
1170 3503 1406 3571 quoque
1435 3501 1738 3549 murmure
1765 3479 1904 3546 coeli
1928 3502 1950 3558 ;
