2411 3890
317 304 394 362 16
521 273 532 282 ’
934 299 1000 348 n.
1031 299 1223 350 sunu
1248 301 1634 352 summus

303 446 408 510 Ne
437 449 595 531 prior
618 447 895 510 Albinam
925 461 987 510 et
1013 447 1285 512 Modiam
1312 451 1541 534 collega
1568 451 1783 515 salutet
1804 451 1921 514 ἲ-

303 551 406 613 Da
433 565 642 615 testem
674 551 888 614 Romae
917 565 1038 614 tam
1067 566 1355 630 sanctam,
1384 552 1705 638 quamjuit
1728 554 1951 638 hospes

302 656 582 719 Numinis
610 655 790 718 Idaei:
839 658 1126 741 procedat
1153 660 1250 722 vel
1280 659 1505 736 Numa,
1534 661 1631 723 vel
1658 660 1759 742 qui

305 762 576 826 Servavit
603 762 894 847 trepidam
923 763 1192 847 flagranti
1222 787 1303 828 ex
1332 767 1461 828 aede
1490 765 1866 830 Minervamz

304 867 603 932 Protenus
631 870 706 932 ad
741 891 1008 946 censum,
1039 871 1118 932 de
1147 871 1409 936 moribus
1434 872 1639 934 ultima
1666 873 1771 936 fiet

301 971 590 1047 Quaestio.
679 973 848 1050 Quot
874 976 1062 1059 pascit
1091 977 1341 1040 servos?
1388 990 1531 1060 quot
1556 977 1819 1060 possidet
1848 976 1971 1058 agri

297 1077 571 1162 Jugera?
619 1079 799 1164 quam
827 1080 1012 1144 multa
1041 1080 1377 1164 magnaque
1408 1083 1723 1166 paropside
1752 1080 1997 1146 coenat?
2012 1113 2023 1120 ·

301 1181 607 1257 Quantum
638 1185 888 1271 quisque
916 1186 1025 1251 sua
1054 1207 1433 1250 nummorum
1462 1200 1656 1250 servat
1682 1187 1739 1249 in
1772 1185 1935 1263 arca,

297 1288 563 1364 Tantum
592 1292 774 1356 habet
803 1308 862 1356 et
889 1293 1052 1355 fidei.
1138 1292 1319 1356 Jures
1346 1293 1485 1356 licet
1512 1305 1573 1356 et
1602 1291 2059 1356 Samothracum

299 1393 385 1456 Et
411 1408 741 1458 nostrorum
771 1417 902 1458 aras
926 1419 946 1474 3
989 1408 1377 1460 contemnere
1407 1395 1651 1458 fulmina
1678 1417 1907 1480 pauper

299 1496 581 1562 Creditur
611 1513 785 1583 atque
816 1501 983 1576 deoS,
1013 1500 1106 1563 dis
1133 1501 1567 1583 ignoscentibus
1594 1499 1755 1584 ipsis.

299 1603 486 1680 Quid,
519 1605 678 1687 quod
709 1609 1014 1668 materiam
1043 1607 1267 1690 praebet
1292 1628 1621 1689 causasque
1642 1607 1919 1690 jocorum

302 1710 595 1773 Omnibus
624 1711 720 1773 hic
749 1711 933 1785 idem,
963 1712 1011 1774 si
1041 1710 1205 1776 foeda
1234 1725 1295 1774 et
1322 1712 1507 1776 scissa
1532 1711 1793 1788 lacerna,

301 1813 366 1886 Si
396 1828 534 1898 toga
562 1814 859 1878 sordidula
887 1827 996 1892 est,
1026 1829 1087 1880 et
1113 1815 1289 1900 rupta
1312 1817 1553 1880 calceus
1582 1817 1727 1880 alter

298 1919 470 1983 Pelle
500 1933 694 2005 patet3
738 1922 832 1983 vel
862 1922 910 1984 si
939 1934 1188 1987 consuto
1217 1921 1469 1985 vulnere-
1488 1941 1754 1985 crassum

299 2026 498 2109 Atque
527 2048 738 2090 recens
765 2028 949 2091 linum
975 2028 1231 2091 ostendit
1256 2048 1375 2091 non
1403 2048 1521 2091 una
1548 2024 1847 2089 cicatrix?

295 2130 358 2193 N
362 2130 400 2191 il
428 2131 609 2193 habet
634 2129 839 2193 infelix
867 2140 1194 2215 paupertas
1212 2132 1413 2195 durius
1440 2132 1499 2194 in
1528 2153 1616 2206 se,

296 2234 499 2307 Quam
532 2236 690 2319 quod
720 2236 998 2301 ridiculos
1025 2237 1296 2299 homines
1325 2234 1482 2299 facit.
1576 2234 1798 2311 Exeat,
1828 2235 2031 2319 inquit,

297 2340 362 2403 Si
392 2341 584 2425 pudor
613 2354 720 2418 est,
751 2355 810 2405 et
841 2344 918 2407 de
948 2342 1184 2427 pulvino
1216 2354 1413 2425 surgat
1442 2340 1725 2424 equestri,

296 2445 488 2529 Cujus
516 2468 611 2509 res
639 2448 755 2529 legi
784 2470 904 2511 non
931 2448 1166 2523 sufficit,
1199 2460 1259 2509 et
1289 2447 1536 2509 sedeant
1564 2445 1665 2509 hic

295 2549 613 2613 Lenonum
643 2552 811 2635 pueri
843 2572 1197 2633 quocunque
1226 2550 1285 2612 in
1314 2549 1537 2612 fornice
1566 2550 1705 2613 nati.

295 2654 418 2717 Hic
448 2655 689 2738 plaudat
717 2656 876 2717 nitidi
906 2656 1192 2738 praeconis
1222 2655 1374 2717 filius
1402 2655 1550 2717 inter

292 2758 596 2843 Pinnirapi
625 2761 811 2823 cultos
829 2760 1102 2845 juvenes),
1123 2759 1495 2843 juvenesque
1524 2760 1762 2823 lanistae.

293 2864 397 2927 Sic
427 2865 652 2928 libitum
680 2885 855 2941 vanc,
886 2865 986 2946 qui
1015 2886 1122 2927 nos
1151 2863 1431 2939 distinxit,
1462 2863 1704 2927 Othoni.

291 2967 446 3040 Quis
475 2992 658 3052 gener
685 2969 784 3032 hic
815 2970 1032 3052 placuit
1057 2990 1241 3031 censu
1272 2969 1479 3045 minor,
1504 2983 1679 3052 atque
1711 2970 1917 3052 puellae

295 3072 614 3136 Sarcinulis
643 3075 832 3157 impar
856 3073 882 3136 ?
927 3074 1058 3156 quis
1086 3094 1311 3157 pauper
1342 3074 1607 3137 scribitur
1638 3074 1826 3137 haeres
1850 3074 1879 3136 ?

290 3176 556 3249 Quando
585 3179 643 3241 in
673 3179 914 3242 consilio
945 3191 1034 3241 est
1063 3176 1375 3243 aedilibus?
1422 3178 1679 3259 Agmine
1716 3176 1875 3241 facto

288 3282 640 3347 Debuerant
667 3284 808 3347 olim
837 3298 1046 3347 tenues
1075 3282 1360 3367 migrasse
1393 3282 1677 3359 Quirites.
1676 3298 1744 3384 s

287 3386 474 3451 Haud
506 3388 680 3452 facile
711 3404 1040 3472 emergunt,
1072 3409 1321 3472 quorum
1354 3387 1655 3450 virtutibus
1682 3388 1873 3459 obstat

287 3492 420 3556 Res
451 3508 694 3579 angusta
723 3495 926 3574 domi3
971 3494 1078 3557 sed
1112 3493 1325 3562 Romae
1358 3491 1556 3563 durior
1584 3492 1695 3561 illis

2135 768 2266 826 120

2132 1297 2264 1356 125

2130 1825 2267 1884 130

2128 2346 2255 2405 135
2333 2324 2374 2404 -‘

2128 2872 2255 2928 140
2366 2938 2368 2941 Α

2124 3396 2246 3455 145
2359 3404 2365 3423 ’
