2411 3890
284 268 403 325 122
924 262 990 309 n.
1022 244 1212 311 'sumi
1243 256 1623 311 iuvemus

278 410 571 494 Incipiunt
600 409 807 471 animis
834 409 1173 473 ardentibus
1192 432 1210 469 ε
1255 410 1386 469 haec
1413 406 1554 467 tuba
1584 404 1748 467 rixae.

271 516 434 579 Dein
462 517 722 577 clamore
752 514 877 596 pari
907 513 1292 587 concurritur,
1325 524 1386 573 et
1411 510 1543 571 vice
1571 508 1673 569 teli

280 620 458 681 Saevit
486 618 646 679 nuda
674 638 883 681 manus
909 638 925 677 ε
968 637 1173 699 paucae
1207 616 1332 677 sine
1361 614 1604 675 vulnere
1633 609 1842 672 malae:

276 721 399 784 Vix
428 721 708 803 cuiquam
732 734 833 783 aut
860 720 1000 782 nulli
1030 733 1151 782 toto
1180 718 1503 781 certamine
1533 736 1710 779 nasus

276 826 534 907 Integer.
625 827 991 909 Adspiceres
1010 825 1136 908 jam
1166 835 1383 885 cuncta
1413 843 1522 904 per
1551 819 1786 902 agmina
1817 816 2006 880 vultus

279 929 597 1007 Dimidios,
630 931 769 993 alias
798 929 1000 1005 facies,
1032 944 1094 992 et
1120 928 1340 991 hiantia
1367 927 1550 1009 ruptis

280 1034 440 1097 Ossa
468 1035 653 1117 genis,
686 1035 891 1117 plenos
920 1035 1226 1097 oculorum
1259 1030 1540 1114 sanguine
1571 1049 1820 1112 pugnos.

284 1138 528 1201 Ludere
560 1160 624 1202 se
654 1140 905 1202 credunt
934 1138 1042 1222 ipsi
1072 1152 1295 1211 tamen,
1327 1147 1387 1197 et
1414 1133 1676 1219 pueriles

283 1240 599 1306 Exercet-e
630 1245 811 1319 acies,
844 1242 1003 1327 quod
1032 1243 1189 1305 nulla
1219 1242 1515 1303 cadavera
1543 1239 1794 1302 calcent.

285 1346 371 1409 Et
401 1348 542 1410 sane
574 1348 694 1431 quo
722 1362 807 1409 tot
833 1348 1075 1409 rixantis
1104 1346 1284 1407 millia
1313 1346 1518 1419 turbae,

288 1451 355 1512 Si
387 1453 586 1513 vivunt
614 1473 824 1513 omnes
848 1450 874 1511 ?
965 1450 1133 1531 Ergo
1165 1449 1356 1511 acrior
1385 1448 1661 1529 impetuS,
1693 1458 1752 1509 et
1771 1445 1902 1530 jam

289 1553 457 1615 Saxa
485 1554 769 1616 inclinatis
798 1576 905 1634 per
934 1554 1183 1613 humum
1216 1552 1453 1633 quaesita
1484 1552 1718 1613 lacertis

288 1656 581 1739 Incipiunt
608 1668 905 1737 torquere,
938 1656 1264 1717 domestica
1293 1654 1560 1717 seditioni

290 1759 446 1822 Tela
471 1783 491 1839 3
534 1782 647 1822 nec
677 1762 835 1822 hunc
865 1760 1146 1842 lapidem,
1178 1761 1382 1841 quales
1411 1772 1472 1820 et
1499 1758 1741 1820 Turnus
1773 1770 1834 1819 et
1863 1756 2047 1841 Ajax,

292 1862 410 1927 Vel
442 1885 558 1948 quo
586 1863 862 1949 Tydides
892 1864 1181 1948 percussit
1221 1864 1486 1948 pondere
1517 1883 1734 1925 coxam

295 1967 504 2033 AEneae
532 1993 551 2048 3
596 1971 702 2033 sed
735 1992 916 2054 quem
945 1972 1177 2032 valeant
1208 1970 1474 2031 emittere
1509 1969 1754 2042 dextrae,

296 2076 416 2137 Illis
446 2075 755 2137 dissimiles
784 2089 844 2137 et
870 2089 1067 2137 nostro
1096 2089 1364 2156 tempore
1395 2086 1567 2134 natae.

300 2179 463 2240 Nam
496 2200 681 2260 genus
708 2179 824 2240 hoc
854 2179 987 2239 vivo
1007 2177 1136 2261 jam
1168 2178 1558 2238 decrescebat
1591 2175 1883 2240 Homero·

300 2282 498 2345 Terra
528 2284 713 2346 malos
742 2283 1012 2346 homines
1034 2285 1201 2344 'nunc
1233 2282 1451 2344 educat
1481 2295 1657 2363 atque
1687 2282 1946 2362 pusillos,

306 2388 474 2470 Ergo
505 2389 673 2463 deuS,
704 2389 1039 2470 quicunque
1070 2387 1362 2470 adspexit,
1393 2386 1547 2447 ridet
1575 2399 1636 2446 et
1663 2385 1808 2447 odit.

396 2492 456 2550 A
487 2490 831 2552 diverticulo
858 2505 1157 2570 repetatur
1188 2489 1408 2550 sabula.
1499 2489 1829 2571 Postquam

313 2593 601 2654 subsidiis
632 2593 807 2665 aucti,
838 2614 975 2673 pars
1005 2595 1188 2653 altera
1217 2613 1496 2672 promere
1526 2590 1748 2656 ferrum

311 2695 535 2771 Audet,
566 2709 627 2757 et
654 2693 875 2757 infestis
905 2716 1163 2777 pugnam
1193 2695 1514 2758 instaurare
1545 2698 1763 2779 sagittis
1788 2721 1807 2775 3

311 2797 517 2880 Terga
546 2796 696 2880 fugae
716 2797 905 2862 celeri
935 2797 1338 2880 praestantibus
1365 2799 1636 2862 omnibus
1666 2799 1897 2875 instant,

316 2903 441 2976 Qui
474 2904 661 2966 vicina
689 2904 889 2966 colunt
920 2903 1210 2965 umbrosae
1241 2902 1512 2985 Tentyra
1541 2905 1772 2986 palmae.

318 3007 563 3070 Labitur
591 3008 729 3070 hinc
762 3009 1022 3092 quidam,
1048 3007 1230 3070 nimia
1259 3008 1568 3070 formidine
1597 3031 1838 3072 cursum

319 3110 721 3194 Praecipitans‚
750 3113 1095 3196 capiturque
1119 3134 1134 3174 t
1184 3127 1273 3176 ast
1299 3113 1460 3174 illum
1489 3113 1546 3173 in
1578 3113 1830 3195 plurima
1859 3128 2087 3178 sectum

320 3213 537 3278 Frusta
568 3229 627 3276 et
656 3218 987 3297 particulas,
1020 3231 1083 3279 ut
1112 3217 1306 3278 multis
1335 3230 1598 3280 mortuus
1628 3239 1778 3281 unus

323 3321 661 3395 Sufficeret,
692 3333 879 3382 totum
906 3324 1159 3386 corrosis
1188 3322 1414 3385 ossibus
1439 3322 1562 3383 edit

320 3422 551 3486 Victrix
580 3426 787 3488 turba:
836 3446 952 3488 nec
984 3428 1210 3492 ardenti
1243 3428 1483 3492 decoxit
1513 3430 1684 3504 ae'n0,

2155 714 2236 770 55

2170 1236 2254 1294 60

2185 2286 2264 2348 ’70

2195 2808 2275 2863 75

2201 3331 2284 3387 80
