2411 3890
1036 244 1280 298 SATIRA
1310 246 1401 297 VI.
2108 255 2185 310 41

313 393 496 462 Nulla
525 397 652 462 fere
683 419 869 461 causa
899 411 1008 474 est,
1039 397 1097 460 in
1129 397 1249 480 quii
1278 420 1394 460 non
1424 395 1665 460 soemina
1696 395 1859 458 litem
2062 399 2181 459 195

225 501 501 566 Moverit.
594 503 865 568 Accusat
893 502 1156 580 Manilia,
1187 504 1235 566 si
1264 525 1369 566 rea
1398 526 1513 566 non
1546 515 1656 566 est.

227 606 612 692 Componunt
641 609 778 693 ipsae
810 629 918 692 per
947 629 1010 671 se
1041 607 1413 690 formantque
1444 608 1689 683 libellos,

226 711 594 798 Principium
625 726 800 797 atque
829 713 994 776 locos
1025 711 1211 776 Celso
1241 713 1465 776 dictare
1496 728 1733 796 paratae.

313 816 716 882 Endromidas
745 817 964 901 Tyrias
993 831 1054 882 et
1081 817 1429 880 foemineum
1462 841 1706 883 ceroma

223 922 384 996 Quis
410 923 644 986 nescit?
689 924 784 986 vel
811 924 942 1007 quis
971 945 1088 986 non
1118 924 1264 985 vidit
1294 924 1531 987 vulnera
1564 924 1727 1008 pali?
2051 928 2180 986 200

223 1027 432 1104 Quem
463 1042 636 1091 cavat
663 1029 910 1094 assiduis
940 1019 1201 1105 sudibus,
1234 1044 1521 1113 scutoque
1554 1031 1807 1106 lacessit,

219 1133 424 1216 Atque
454 1155 662 1196 omnes
690 1134 896 1217 implet
921 1156 1223 1209 numemS,
1256 1135 1593 1216 dignissima
1622 1157 1859 1220 prorsus

221 1235 446 1299 Florali
476 1254 744 1302 matrona
773 1237 953 1317 tubz‘i3
996 1239 1105 1300 nisi
1135 1238 1184 1300 si
1214 1238 1356 1320 quid
1386 1239 1445 1300 in
1475 1240 1572 1302 illo

213 1341 486 1405 Pectore
515 1343 646 1427 plus
675 1345 870 1426 agitat,
899 1364 1182 1426 veraeque
1212 1357 1448 1427 paratur
1478 1367 1691 1409 arenae.

214 1447 428 1520 Quem
457 1461 732 1531 praestare
762 1461 954 1532 potest
983 1450 1190 1512 mulier
1260 1450 1449 1512 aleata
1480 1453 1791 1534 pudorem,
2038 1457 2165 1516 205

214 1551 376 1625 Quae
407 1550 552 1636 sugit
583 1575 618 1615 a
646 1553 846 1616 sexu?
890 1555 1044 1617 vires
1074 1553 1251 1618 amat>
1343 1556 1495 1620 Haec
1526 1573 1723 1620 tamen
1756 1559 1881 1642 ipsa

209 1655 328 1719 Vir
356 1658 534 1720 nollet
561 1658 688 1720 fieri
713 1679 732 1737 3
776 1681 912 1722 nam
943 1662 1220 1743 quantula
1252 1675 1445 1724 nostra
1478 1663 1787 1746 voluptas?

209 1761 414 1836 Quale
445 1763 632 1826 decus
659 1785 878 1840 rerum,
909 1765 956 1826 si
985 1766 1248 1849 conjugis
1278 1768 1471 1829 auctio
1501 1767 1647 1830 fiat?

209 1867 484 1944 Balteus,
518 1883 577 1932 et
605 1869 871 1945 manicae,
903 1884 964 1930 et
991 1871 1199 1944 cristae,
1231 1871 1535 1955 crurisque
1567 1873 1774 1935 sinistri
1876 1797 2035 1944 χ,

207 1974 546 2037 Dimidium
577 1976 874 2058 tegimen3
917 1976 1032 2050 vel,
1064 1976 1110 2037 si
1141 1977 1373 2039 diversa
1404 1978 1661 2040 movebit
2034 1983 2163 2040 210

206 2080 456 2157 Proelia,
488 2095 548 2143 tu
581 2080 744 2157 felix,
774 2102 984 2145 ocreas
1013 2082 1307 2145 vendente
1338 2082 1555 2167 puella.

207 2185 328 2249 Hae
359 2202 510 2262 sunt,
541 2208 671 2270 quae
701 2188 860 2249 tenui
891 2187 1102 2250 sudant
1130 2188 1188 2249 in
1220 2190 1491 2271 cyclade,
1524 2212 1771 2273 quarum

202 2290 476 2355 Delicias
505 2306 564 2353 et
593 2292 939 2375 panniculus
967 2292 1360 2373 bombycinus
1391 2295 1521 2356 urit.

199 2396 495 2478 Adspice,
526 2417 644 2479 quo
672 2394 906 2457 fremitu
937 2409 1285 2457 monstratos
1316 2394 1576 2479 perferat
1603 2399 1770 2477 ictus,

199 2500 290 2563 Et
319 2514 537 2583 quanto
565 2500 746 2582 galeae
776 2514 1052 2562 curvetur
1079 2500 1364 2583 pondere,
1396 2518 1614 2585 quanta
2021 2514 2148 2572 215

196 2604 532 2688 Poplitibus
561 2604 786 2679 sedeat,
816 2604 991 2688 quam
1024 2605 1211 2671 denso
1239 2608 1423 2672 fascia
1450 2610 1631 2690 libro3

197 2709 285 2774 Et
313 2710 464 2784 ride,
495 2708 802 2791 seaphium
831 2710 1034 2792 positis
1063 2732 1244 2794 quum
1276 2715 1521 2777 sumitur
1552 2717 1749 2778 armis.

194 2814 398 2877 Dicite
429 2834 554 2888 VOS,
583 2826 792 2895 neptes
821 2812 1058 2896 Lepidi,
1083 2817 1311 2878 caecive
1346 2818 1593 2894 Metelli,

195 2918 460 3003 Gurgitis
490 2931 591 2981 aut
618 2916 811 2994 Fabii,
843 2939 970 3001 quae
1001 2918 1158 2980 ludia
1189 2922 1504 3004 sumpserit
1536 2944 1791 3006 unquam

190 3022 328 3088 Hos
357 3022 631 3086 habitus?
677 3023 914 3107 quando
939 3024 1014 3085 ad
1045 3024 1245 3106 palum
1276 3039 1473 3107 gemat
1502 3048 1653 3090 uxor
1684 3028 1847 3113 Asyli
1873 3030 1900 3094 ?
2008 3041 2137 3104 220

281 3130 538 3213 Semper
565 3129 744 3191 habet
769 3129 902 3192 lites
932 3130 1271 3213 alternaque
1290 3130 1483 3213 jurgia
1512 3132 1717 3213 lectuS,

187 3236 256 3297 In
287 3256 406 3318 quo
437 3248 616 3317 nupta
633 3234 835 3319 jacet:
880 3234 1186 3297 minimum
1220 3234 1504 3299 dormitur
1532 3238 1590 3301 in
1620 3241 1738 3307 illo.

185 3339 362 3402 Tunc
393 3339 582 3423 gravis
610 3339 705 3402 illa
733 3339 875 3415 vim,
905 3354 1045 3402 tunc
1075 3339 1221 3403 orba
1251 3340 1456 3423 tigride
1488 3345 1675 3430 pejor.

186 3444 392 3518 Quum
420 3444 654 3509 simulat
680 3444 1174 3588 gemitus‘sscculti
1201 3448 1439 3512 conscia
1470 3448 1629 3525 sacti,

1920 2692 1937 2732 k
