<?xml version="1.0" encoding="UTF-8"?>
<!DOCTYPE html PUBLIC "-//W3C//DTD XHTML 1.0 Transitional//EN"
    "http://www.w3.org/TR/xhtml1/DTD/xhtml1-transitional.dtd">
<html xmlns="http://www.w3.org/1999/xhtml" xml:lang="en" lang="en">
 <head>
  <title>
</title>
<meta http-equiv="Content-Type" content="text/html;charset=utf-8" />
  <meta name='ocr-system' content='tesseract 3.04.00' />
  <meta name='ocr-capabilities' content='ocr_page ocr_carea ocr_par ocr_line ocrx_word'/>
</head>
<body>
  <div class='ocr_page' id='page_1' title='image "./djuniijuvenalis00levegoog_0070.png"; bbox 0 0 2411 3890; ppageno 0'>
   <div class='ocr_carea' id='block_1_1' title="bbox 279 285 1615 357">
    <p class='ocr_par' dir='ltr' id='par_1_1' title="bbox 279 285 1615 357">
     <span class='ocr_line' id='line_1_1' title="bbox 279 285 1615 357; baseline -0.017 0"><span class='ocrx_word' id='word_1_1' title='bbox 279 295 364 357; x_wconf 86' lang='grc'><strong>60</strong></span> <span class='ocrx_word' id='word_1_2' title='bbox 919 289 986 339; x_wconf 84' lang='lat' dir='ltr'><strong>D.</strong></span> <span class='ocrx_word' id='word_1_3' title='bbox 1016 286 1204 342; x_wconf 74' lang='lat' dir='ltr'><strong>num</strong></span> <span class='ocrx_word' id='word_1_4' title='bbox 1234 285 1615 340; x_wconf 62' lang='lat' dir='ltr'><strong>sumnam</strong></span> 
     </span>
    </p>
   </div>
   <div class='ocr_carea' id='block_1_2' title="bbox 279 431 2347 526">
    <p class='ocr_par' dir='ltr' id='par_1_2' title="bbox 279 431 2347 526">
     <span class='ocr_line' id='line_1_2' title="bbox 279 431 2347 526; baseline -0.009 -20"><span class='ocrx_word' id='word_1_5' title='bbox 279 441 494 506; x_wconf 82' lang='lat' dir='ltr'>Sidera</span> <span class='ocrx_word' id='word_1_6' title='bbox 521 455 582 505; x_wconf 86' lang='lat' dir='ltr'><strong>te</strong></span> <span class='ocrx_word' id='word_1_7' title='bbox 611 441 910 525; x_wconf 79' lang='lat' dir='ltr'><strong>excipiant</strong></span> <span class='ocrx_word' id='word_1_8' title='bbox 937 440 1120 504; x_wconf 75' lang='lat' dir='ltr'><strong>modo</strong></span> <span class='ocrx_word' id='word_1_9' title='bbox 1151 441 1371 526; x_wconf 84' lang='lat' dir='ltr'><strong>primos</strong></span> <span class='ocrx_word' id='word_1_10' title='bbox 1398 437 1776 522; x_wconf 80' lang='lat' dir='ltr'><strong>incipientem</strong></span> <span class='ocrx_word' id='word_1_11' title='bbox 2106 431 2228 490; x_wconf 87' lang='lat'><strong>195</strong></span> <span class='ocrx_word' id='word_1_12' title='bbox 2338 435 2347 444; x_wconf 89' lang='grc'><em>“</em></span> 
     </span>
    </p>
   </div>
   <div class='ocr_carea' id='block_1_3' title="bbox 259 544 2237 3578">
    <p class='ocr_par' dir='ltr' id='par_1_3' title="bbox 259 544 2237 2558">
     <span class='ocr_line' id='line_1_3' title="bbox 277 544 1721 630; baseline -0.007 -18"><span class='ocrx_word' id='word_1_13' title='bbox 277 547 484 613; x_wconf 87' lang='lat' dir='ltr'><strong>Edere</strong></span> <span class='ocrx_word' id='word_1_14' title='bbox 512 548 760 630; x_wconf 74' lang='lat' dir='ltr'><strong>vagituS,</strong></span> <span class='ocrx_word' id='word_1_15' title='bbox 791 559 851 609; x_wconf 90' lang='lat' dir='ltr'><strong>et</strong></span> <span class='ocrx_word' id='word_1_16' title='bbox 879 545 1076 609; x_wconf 86' lang='lat' dir='ltr'><strong>adhuc</strong></span> <span class='ocrx_word' id='word_1_17' title='bbox 1105 567 1144 608; x_wconf 86' lang='lat' dir='ltr'><strong>a</strong></span> <span class='ocrx_word' id='word_1_18' title='bbox 1171 557 1359 608; x_wconf 83' lang='lat' dir='ltr'><strong>matre</strong></span> <span class='ocrx_word' id='word_1_19' title='bbox 1388 544 1721 606; x_wconf 85' lang='lat' dir='ltr'><strong>rubentem.</strong></span> 
     </span>
     <span class='ocr_line' id='line_1_4' title="bbox 281 648 1637 728; baseline -0.005 -12"><span class='ocrx_word' id='word_1_20' title='bbox 281 653 349 717; x_wconf 91' lang='lat' dir='ltr'><strong>Si</strong></span> <span class='ocrx_word' id='word_1_21' title='bbox 379 651 644 717; x_wconf 81' lang='lat' dir='ltr'><strong>Fortuna</strong></span> <span class='ocrx_word' id='word_1_22' title='bbox 674 652 849 728; x_wconf 86' lang='lat' dir='ltr'><strong>volet,</strong></span> <span class='ocrx_word' id='word_1_23' title='bbox 877 651 987 715; x_wconf 87' lang='lat' dir='ltr'><strong>fies</strong></span> <span class='ocrx_word' id='word_1_24' title='bbox 1015 650 1094 715; x_wconf 90' lang='lat' dir='ltr'><strong>de</strong></span> <span class='ocrx_word' id='word_1_25' title='bbox 1121 652 1357 714; x_wconf 85' lang='lat' dir='ltr'><strong>rhetore</strong></span> <span class='ocrx_word' id='word_1_26' title='bbox 1386 648 1637 713; x_wconf 76' lang='lat' dir='ltr'><strong>consult</strong></span> 
     </span>
     <span class='ocr_line' id='line_1_5' title="bbox 281 754 1819 834; baseline -0.005 -13"><span class='ocrx_word' id='word_1_27' title='bbox 281 757 349 821; x_wconf 91' lang='lat' dir='ltr'><strong>Si</strong></span> <span class='ocrx_word' id='word_1_28' title='bbox 375 759 536 822; x_wconf 86' lang='lat' dir='ltr'><strong>volet</strong></span> <span class='ocrx_word' id='word_1_29' title='bbox 561 759 690 821; x_wconf 85' lang='lat' dir='ltr'><strong>haec</strong></span> <span class='ocrx_word' id='word_1_30' title='bbox 722 758 960 834; x_wconf 90' lang='lat' dir='ltr'><strong>eadem,</strong></span> <span class='ocrx_word' id='word_1_31' title='bbox 989 758 1100 820; x_wconf 83' lang='lat' dir='ltr'><strong>fies</strong></span> <span class='ocrx_word' id='word_1_32' title='bbox 1129 757 1207 819; x_wconf 91' lang='lat' dir='ltr'><strong>de</strong></span> <span class='ocrx_word' id='word_1_33' title='bbox 1236 754 1479 820; x_wconf 84' lang='lat' dir='ltr'><strong>consule</strong></span> <span class='ocrx_word' id='word_1_34' title='bbox 1508 754 1728 820; x_wconf 77' lang='lat' dir='ltr'><strong>rhetor.</strong></span> <span class='ocrx_word' id='word_1_35' title='bbox 1812 765 1819 770; x_wconf 82' lang='grc'><em>·</em></span> 
     </span>
     <span class='ocr_line' id='line_1_6' title="bbox 277 853 2127 947; baseline -0.004 -22"><span class='ocrx_word' id='word_1_36' title='bbox 277 861 592 928; x_wconf 80' lang='lat' dir='ltr'><strong>Ventidius</strong></span> <span class='ocrx_word' id='word_1_37' title='bbox 621 863 764 947; x_wconf 90' lang='lat' dir='ltr'><strong>quid</strong></span> <span class='ocrx_word' id='word_1_38' title='bbox 795 863 1002 926; x_wconf 88' lang='lat' dir='ltr'><strong>enim?</strong></span> <span class='ocrx_word' id='word_1_39' title='bbox 1049 863 1190 946; x_wconf 88' lang='lat' dir='ltr'><strong>quid</strong></span> <span class='ocrx_word' id='word_1_40' title='bbox 1220 858 1501 924; x_wconf 83' lang='lat' dir='ltr'><strong>Tullius?</strong></span> <span class='ocrx_word' id='word_1_41' title='bbox 1550 879 1703 922; x_wconf 83' lang='lat' dir='ltr'><strong>anne</strong></span> <span class='ocrx_word' id='word_1_42' title='bbox 1732 854 1911 932; x_wconf 86' lang='lat' dir='ltr'><strong>aliud,</strong></span> <span class='ocrx_word' id='word_1_43' title='bbox 1942 853 2127 940; x_wconf 71' lang='lat' dir='ltr'><strong>quam</strong></span> 
     </span>
     <span class='ocr_line' id='line_1_7' title="bbox 281 964 2235 1051; baseline -0.005 -19"><span class='ocrx_word' id='word_1_44' title='bbox 281 967 464 1032; x_wconf 86' lang='lat' dir='ltr'><strong>Sidus</strong></span> <span class='ocrx_word' id='word_1_45' title='bbox 493 983 554 1032; x_wconf 89' lang='lat' dir='ltr'><strong>et</strong></span> <span class='ocrx_word' id='word_1_46' title='bbox 579 969 797 1032; x_wconf 89' lang='lat' dir='ltr'><strong>occulti</strong></span> <span class='ocrx_word' id='word_1_47' title='bbox 827 967 1094 1030; x_wconf 83' lang='lat' dir='ltr'><strong>miranda</strong></span> <span class='ocrx_word' id='word_1_48' title='bbox 1121 967 1380 1051; x_wconf 85' lang='lat' dir='ltr'><strong>potentia</strong></span> <span class='ocrx_word' id='word_1_49' title='bbox 1410 964 1560 1028; x_wconf 84' lang='lat' dir='ltr'><strong>fati?</strong></span> <span class='ocrx_word' id='word_1_50' title='bbox 2101 965 2235 1023; x_wconf 76' lang='lat'><strong>200</strong></span> 
     </span>
     <span class='ocr_line' id='line_1_8' title="bbox 283 1070 1801 1159; baseline -0.003 -21"><span class='ocrx_word' id='word_1_51' title='bbox 283 1073 488 1138; x_wconf 86' lang='lat' dir='ltr'><strong>Servis</strong></span> <span class='ocrx_word' id='word_1_52' title='bbox 515 1095 698 1159; x_wconf 86' lang='lat' dir='ltr'><strong>regna</strong></span> <span class='ocrx_word' id='word_1_53' title='bbox 725 1074 967 1150; x_wconf 87' lang='lat' dir='ltr'><strong>dabunt,</strong></span> <span class='ocrx_word' id='word_1_54' title='bbox 997 1073 1243 1156; x_wconf 86' lang='lat' dir='ltr'><strong>captivis</strong></span> <span class='ocrx_word' id='word_1_55' title='bbox 1272 1071 1425 1135; x_wconf 87' lang='lat' dir='ltr'><strong>Fata</strong></span> <span class='ocrx_word' id='word_1_56' title='bbox 1452 1070 1801 1154; x_wconf 81' lang='lat' dir='ltr'><strong>triumphos.</strong></span> 
     </span>
     <span class='ocr_line' id='line_1_9' title="bbox 281 1175 1709 1263; baseline -0.005 -19"><span class='ocrx_word' id='word_1_57' title='bbox 281 1179 460 1244; x_wconf 83' lang='lat' dir='ltr'><strong>Felix</strong></span> <span class='ocrx_word' id='word_1_58' title='bbox 489 1181 584 1244; x_wconf 91' lang='lat' dir='ltr'><strong>ille</strong></span> <span class='ocrx_word' id='word_1_59' title='bbox 613 1195 836 1256; x_wconf 86' lang='lat' dir='ltr'><strong>tamen,</strong></span> <span class='ocrx_word' id='word_1_60' title='bbox 865 1201 1046 1244; x_wconf 85' lang='lat' dir='ltr'><strong>corvo</strong></span> <span class='ocrx_word' id='word_1_61' title='bbox 1075 1199 1313 1263; x_wconf 88' lang='lat' dir='ltr'><strong>quoque</strong></span> <span class='ocrx_word' id='word_1_62' title='bbox 1342 1177 1525 1241; x_wconf 85' lang='lat' dir='ltr'><strong>rarior</strong></span> <span class='ocrx_word' id='word_1_63' title='bbox 1554 1175 1709 1240; x_wconf 87' lang='lat' dir='ltr'><strong>albo.</strong></span> 
     </span>
     <span class='ocr_line' id='line_1_10' title="bbox 283 1283 1703 1369; baseline -0.003 -20"><span class='ocrx_word' id='word_1_64' title='bbox 283 1285 568 1350; x_wconf 87' lang='lat' dir='ltr'><strong>Poenituit</strong></span> <span class='ocrx_word' id='word_1_65' title='bbox 597 1287 810 1349; x_wconf 86' lang='lat' dir='ltr'><strong>multos</strong></span> <span class='ocrx_word' id='word_1_66' title='bbox 837 1307 1000 1350; x_wconf 80' lang='lat' dir='ltr'><strong>vanae</strong></span> <span class='ocrx_word' id='word_1_67' title='bbox 1031 1285 1355 1369; x_wconf 90' lang='lat' dir='ltr'><strong>sterilisque</strong></span> <span class='ocrx_word' id='word_1_68' title='bbox 1386 1283 1703 1356; x_wconf 48' lang='lat' dir='ltr'><strong>cathedr&amp;</strong></span> 
     </span>
     <span class='ocr_line' id='line_1_11' title="bbox 284 1387 1888 1474; baseline -0.002 -22"><span class='ocrx_word' id='word_1_69' title='bbox 284 1390 455 1454; x_wconf 90' lang='lat' dir='ltr'><strong>Sicut</strong></span> <span class='ocrx_word' id='word_1_70' title='bbox 482 1391 922 1474; x_wconf 84' lang='lat' dir='ltr'><strong>Thrasymachi</strong></span> <span class='ocrx_word' id='word_1_71' title='bbox 952 1391 1162 1473; x_wconf 87' lang='lat' dir='ltr'><strong>probat</strong></span> <span class='ocrx_word' id='word_1_72' title='bbox 1189 1390 1383 1453; x_wconf 83' lang='lat' dir='ltr'><strong>exitus</strong></span> <span class='ocrx_word' id='word_1_73' title='bbox 1414 1401 1589 1472; x_wconf 84' lang='lat' dir='ltr'><strong>atque</strong></span> <span class='ocrx_word' id='word_1_74' title='bbox 1622 1387 1888 1450; x_wconf 83' lang='lat' dir='ltr'><strong>Secundi</strong></span> 
     </span>
     <span class='ocr_line' id='line_1_12' title="bbox 283 1493 2232 1577; baseline -0.002 -20"><span class='ocrx_word' id='word_1_75' title='bbox 283 1493 610 1558; x_wconf 86' lang='lat' dir='ltr'><strong>Carrinatis</strong></span> <span class='ocrx_word' id='word_1_76' title='bbox 636 1517 652 1556; x_wconf 72' lang='grc' dir='ltr'><strong>ι</strong></span> <span class='ocrx_word' id='word_1_77' title='bbox 697 1511 758 1557; x_wconf 92' lang='lat' dir='ltr'><strong>et</strong></span> <span class='ocrx_word' id='word_1_78' title='bbox 785 1495 945 1557; x_wconf 90' lang='lat' dir='ltr'><strong>hunc</strong></span> <span class='ocrx_word' id='word_1_79' title='bbox 973 1495 1211 1577; x_wconf 86' lang='lat' dir='ltr'><strong>inopem</strong></span> <span class='ocrx_word' id='word_1_80' title='bbox 1240 1494 1483 1570; x_wconf 79' lang='lat' dir='ltr'><strong>vidistis„</strong></span> <span class='ocrx_word' id='word_1_81' title='bbox 1518 1493 1787 1570; x_wconf 82' lang='lat' dir='ltr'><strong>Athenae,</strong></span> <span class='ocrx_word' id='word_1_82' title='bbox 2099 1497 2232 1555; x_wconf 78' lang='lat'><strong>205</strong></span> 
     </span>
     <span class='ocr_line' id='line_1_13' title="bbox 285 1598 1646 1685; baseline -0.001 -23"><span class='ocrx_word' id='word_1_83' title='bbox 285 1599 387 1663; x_wconf 93' lang='lat' dir='ltr'><strong>Nil</strong></span> <span class='ocrx_word' id='word_1_84' title='bbox 419 1613 630 1685; x_wconf 86' lang='lat' dir='ltr'><strong>praeter</strong></span> <span class='ocrx_word' id='word_1_85' title='bbox 659 1600 884 1683; x_wconf 85' lang='lat' dir='ltr'><strong>gelidas</strong></span> <span class='ocrx_word' id='word_1_86' title='bbox 911 1621 1068 1664; x_wconf 81' lang='lat' dir='ltr'><strong>ausae</strong></span> <span class='ocrx_word' id='word_1_87' title='bbox 1099 1598 1371 1662; x_wconf 83' lang='lat' dir='ltr'><strong>conferre</strong></span> <span class='ocrx_word' id='word_1_88' title='bbox 1400 1600 1646 1663; x_wconf 78' lang='lat' dir='ltr'><strong>cicutas·</strong></span> 
     </span>
     <span class='ocr_line' id='line_1_14' title="bbox 283 1703 2040 1789; baseline -0.001 -22"><span class='ocrx_word' id='word_1_89' title='bbox 283 1703 390 1780; x_wconf 80' lang='lat' dir='ltr'><strong>Di,</strong></span> <span class='ocrx_word' id='word_1_90' title='bbox 423 1705 712 1789; x_wconf 88' lang='lat' dir='ltr'><strong>majorum</strong></span> <span class='ocrx_word' id='word_1_91' title='bbox 742 1705 962 1768; x_wconf 88' lang='lat' dir='ltr'><strong>umbris</strong></span> <span class='ocrx_word' id='word_1_92' title='bbox 990 1718 1233 1768; x_wconf 89' lang='lat' dir='ltr'><strong>tenuem</strong></span> <span class='ocrx_word' id='word_1_93' title='bbox 1264 1718 1325 1768; x_wconf 87' lang='lat' dir='ltr'><strong>et</strong></span> <span class='ocrx_word' id='word_1_94' title='bbox 1352 1705 1477 1767; x_wconf 84' lang='lat' dir='ltr'><strong>sine</strong></span> <span class='ocrx_word' id='word_1_95' title='bbox 1506 1704 1771 1789; x_wconf 87' lang='lat' dir='ltr'><strong>pondere</strong></span> <span class='ocrx_word' id='word_1_96' title='bbox 1799 1718 2040 1782; x_wconf 85' lang='lat' dir='ltr'><strong>terram,</strong></span> 
     </span>
     <span class='ocr_line' id='line_1_15' title="bbox 287 1809 1855 1894; baseline 0 -22"><span class='ocrx_word' id='word_1_97' title='bbox 287 1809 710 1894; x_wconf 87' lang='lat' dir='ltr'><strong>Spirantesque</strong></span> <span class='ocrx_word' id='word_1_98' title='bbox 739 1831 968 1886; x_wconf 78' lang='lat' dir='ltr'><strong>crocoS,</strong></span> <span class='ocrx_word' id='word_1_99' title='bbox 999 1825 1062 1874; x_wconf 87' lang='lat' dir='ltr'><strong>et</strong></span> <span class='ocrx_word' id='word_1_100' title='bbox 1089 1810 1144 1872; x_wconf 89' lang='lat' dir='ltr'><strong>in</strong></span> <span class='ocrx_word' id='word_1_101' title='bbox 1177 1809 1324 1872; x_wconf 64' lang='lat' dir='ltr'><strong>urna</strong></span> <span class='ocrx_word' id='word_1_102' title='bbox 1354 1823 1703 1894; x_wconf 81' lang='lat' dir='ltr'><strong>perpetuum</strong></span> <span class='ocrx_word' id='word_1_103' title='bbox 1730 1831 1855 1886; x_wconf 80' lang='lat' dir='ltr'><strong>ver,</strong></span> 
     </span>
     <span class='ocr_line' id='line_1_16' title="bbox 287 1913 1630 2001; baseline -0.001 -22"><span class='ocrx_word' id='word_1_104' title='bbox 287 1913 412 1990; x_wconf 80' lang='lat' dir='ltr'><strong>Qui</strong></span> <span class='ocrx_word' id='word_1_105' title='bbox 435 1929 862 2001; x_wconf 76' lang='lat' dir='ltr'><strong>praeceptorem</strong></span> <span class='ocrx_word' id='word_1_106' title='bbox 891 1916 1073 1981; x_wconf 87' lang='lat' dir='ltr'><strong>sancti</strong></span> <span class='ocrx_word' id='word_1_107' title='bbox 1104 1916 1343 1980; x_wconf 72' lang='lat' dir='ltr'><strong>voluere</strong></span> <span class='ocrx_word' id='word_1_108' title='bbox 1376 1916 1630 2001; x_wconf 80' lang='lat' dir='ltr'><strong>parentis</strong></span> 
     </span>
     <span class='ocr_line' id='line_1_17' title="bbox 284 2020 2237 2106; baseline -0.001 -21"><span class='ocrx_word' id='word_1_109' title='bbox 284 2020 442 2087; x_wconf 85' lang='lat' dir='ltr'><strong>Esse</strong></span> <span class='ocrx_word' id='word_1_110' title='bbox 471 2024 627 2085; x_wconf 91' lang='lat' dir='ltr'><strong>loco.</strong></span> <span class='ocrx_word' id='word_1_111' title='bbox 715 2022 994 2086; x_wconf 86' lang='lat' dir='ltr'><strong>Metuens</strong></span> <span class='ocrx_word' id='word_1_112' title='bbox 1020 2024 1194 2106; x_wconf 82' lang='lat' dir='ltr'><strong>virgae</strong></span> <span class='ocrx_word' id='word_1_113' title='bbox 1216 2023 1345 2105; x_wconf 85' lang='lat' dir='ltr'><strong>jam</strong></span> <span class='ocrx_word' id='word_1_114' title='bbox 1377 2023 1611 2105; x_wconf 85' lang='lat' dir='ltr'><strong>grandis</strong></span> <span class='ocrx_word' id='word_1_115' title='bbox 1640 2022 1905 2085; x_wconf 88' lang='lat' dir='ltr'><strong>Achilles</strong></span> <span class='ocrx_word' id='word_1_116' title='bbox 2100 2026 2237 2083; x_wconf 83' lang='lat'><strong>210</strong></span> 
     </span>
     <span class='ocr_line' id='line_1_18' title="bbox 259 2125 1812 2211; baseline 0.001 -22"><span class='ocrx_word' id='word_1_117' title='bbox 259 2125 586 2189; x_wconf 85' lang='lat' dir='ltr'><strong>·Cantabat</strong></span> <span class='ocrx_word' id='word_1_118' title='bbox 615 2128 814 2211; x_wconf 85' lang='lat' dir='ltr'><strong>patriis</strong></span> <span class='ocrx_word' id='word_1_119' title='bbox 841 2129 899 2189; x_wconf 86' lang='lat' dir='ltr'><strong>in</strong></span> <span class='ocrx_word' id='word_1_120' title='bbox 930 2129 1224 2190; x_wconf 87' lang='lat' dir='ltr'><strong>montibus</strong></span> <span class='ocrx_word' id='word_1_121' title='bbox 1248 2148 1263 2185; x_wconf 76' lang='lat' dir='ltr'><em>z</em></span> <span class='ocrx_word' id='word_1_122' title='bbox 1310 2140 1369 2189; x_wconf 87' lang='lat' dir='ltr'><strong>et</strong></span> <span class='ocrx_word' id='word_1_123' title='bbox 1398 2129 1496 2189; x_wconf 89' lang='lat' dir='ltr'><strong>cui</strong></span> <span class='ocrx_word' id='word_1_124' title='bbox 1524 2149 1642 2190; x_wconf 89' lang='lat' dir='ltr'><strong>non</strong></span> <span class='ocrx_word' id='word_1_125' title='bbox 1671 2142 1812 2191; x_wconf 85' lang='lat' dir='ltr'><strong>tunc</strong></span> 
     </span>
     <span class='ocr_line' id='line_1_19' title="bbox 288 2216 1665 2317; baseline 0.001 -23"><span class='ocrx_word' id='word_1_126' title='bbox 288 2230 554 2295; x_wconf 89' lang='lat' dir='ltr'><strong>Eliceret</strong></span> <span class='ocrx_word' id='word_1_127' title='bbox 581 2216 762 2295; x_wconf 77' lang='lat' dir='ltr'><strong>risum</strong></span> <span class='ocrx_word' id='word_1_128' title='bbox 793 2232 1100 2296; x_wconf 83' lang='lat' dir='ltr'><strong>citharoedi</strong></span> <span class='ocrx_word' id='word_1_129' title='bbox 1131 2234 1326 2296; x_wconf 87' lang='lat' dir='ltr'><strong>cauda</strong></span> <span class='ocrx_word' id='word_1_130' title='bbox 1356 2232 1613 2317; x_wconf 86' lang='lat' dir='ltr'><strong>magistri</strong></span> <span class='ocrx_word' id='word_1_131' title='bbox 1638 2232 1665 2295; x_wconf 74' lang='grc' dir='ltr'><strong><em>ἓ</em></strong></span> 
     </span>
     <span class='ocr_line' id='line_1_20' title="bbox 287 2336 2013 2424; baseline 0.002 -24"><span class='ocrx_word' id='word_1_132' title='bbox 287 2336 415 2400; x_wconf 91' lang='lat' dir='ltr'><strong>Sed</strong></span> <span class='ocrx_word' id='word_1_133' title='bbox 446 2336 674 2401; x_wconf 84' lang='lat' dir='ltr'><strong>Rufum</strong></span> <span class='ocrx_word' id='word_1_134' title='bbox 705 2352 881 2424; x_wconf 85' lang='lat' dir='ltr'><strong>atque</strong></span> <span class='ocrx_word' id='word_1_135' title='bbox 913 2338 1055 2403; x_wconf 87' lang='lat' dir='ltr'><strong>alios</strong></span> <span class='ocrx_word' id='word_1_136' title='bbox 1083 2338 1257 2403; x_wconf 81' lang='lat' dir='ltr'><strong>caedit</strong></span> <span class='ocrx_word' id='word_1_137' title='bbox 1288 2362 1395 2403; x_wconf 91' lang='lat' dir='ltr'><strong>sua</strong></span> <span class='ocrx_word' id='word_1_138' title='bbox 1424 2360 1672 2424; x_wconf 84' lang='lat' dir='ltr'><strong>quaeque</strong></span> <span class='ocrx_word' id='word_1_139' title='bbox 1691 2340 1969 2423; x_wconf 86' lang='lat' dir='ltr'><strong>juventus</strong></span> <span class='ocrx_word' id='word_1_140' title='bbox 1994 2363 2013 2418; x_wconf 86' lang='lat'><em>3</em></span> 
     </span>
     <span class='ocr_line' id='line_1_21' title="bbox 286 2429 1921 2558; baseline 0.001 -52"><span class='ocrx_word' id='word_1_141' title='bbox 286 2441 536 2520; x_wconf 84' lang='lat' dir='ltr'><strong>Rufum,</strong></span> <span class='ocrx_word' id='word_1_142' title='bbox 569 2446 667 2527; x_wconf 88' lang='lat' dir='ltr'><strong>qui</strong></span> <span class='ocrx_word' id='word_1_143' title='bbox 695 2446 868 2508; x_wconf 87' lang='lat' dir='ltr'><strong>toties</strong></span> <span class='ocrx_word' id='word_1_144' title='bbox 897 2444 1260 2510; x_wconf 86' lang='lat' dir='ltr'><strong>Ciceronem</strong></span> <span class='ocrx_word' id='word_1_145' title='bbox 1291 2446 1614 2528; x_wconf 83' lang='lat' dir='ltr'><strong>Allobroga</strong></span> <span class='ocrx_word' id='word_1_146' title='bbox 1644 2429 1921 2558; x_wconf 61' lang='lat' dir='ltr'><strong>dixits</strong></span> 
     </span>
    </p>

    <p class='ocr_par' dir='ltr' id='par_1_4' title="bbox 285 2546 2232 3578">
     <span class='ocr_line' id='line_1_22' title="bbox 374 2546 2232 2632; baseline 0.002 -23"><span class='ocrx_word' id='word_1_147' title='bbox 374 2546 532 2620; x_wconf 79' lang='lat' dir='ltr'><strong>Quis</strong></span> <span class='ocrx_word' id='word_1_148' title='bbox 561 2550 788 2631; x_wconf 85' lang='lat' dir='ltr'><strong>gremio</strong></span> <span class='ocrx_word' id='word_1_149' title='bbox 816 2548 1108 2610; x_wconf 84' lang='lat' dir='ltr'><strong>Enceladi</strong></span> <span class='ocrx_word' id='word_1_150' title='bbox 1141 2550 1418 2632; x_wconf 89' lang='lat' dir='ltr'><strong>doctique</strong></span> <span class='ocrx_word' id='word_1_151' title='bbox 1449 2549 1815 2612; x_wconf 67' lang='lat' dir='ltr'><strong>Palaemonis</strong></span> <span class='ocrx_word' id='word_1_152' title='bbox 1846 2551 2015 2614; x_wconf 86' lang='lat' dir='ltr'><strong>affert</strong></span> <span class='ocrx_word' id='word_1_153' title='bbox 2102 2558 2232 2615; x_wconf 80' lang='lat'><strong>215</strong></span> 
     </span>
     <span class='ocr_line' id='line_1_23' title="bbox 288 2650 2055 2736; baseline 0.002 -21"><span class='ocrx_word' id='word_1_154' title='bbox 288 2650 596 2726; x_wconf 76' lang='lat' dir='ltr'><strong>Quantum</strong></span> <span class='ocrx_word' id='word_1_155' title='bbox 620 2652 1036 2736; x_wconf 84' lang='lat' dir='ltr'><strong>grammaticus</strong></span> <span class='ocrx_word' id='word_1_156' title='bbox 1057 2652 1272 2715; x_wconf 89' lang='lat' dir='ltr'><strong>meruit</strong></span> <span class='ocrx_word' id='word_1_157' title='bbox 1292 2652 1503 2716; x_wconf 81' lang='lat' dir='ltr'><strong>labor?</strong></span> <span class='ocrx_word' id='word_1_158' title='bbox 1536 2666 1815 2717; x_wconf 86' lang='lat' dir='ltr'><strong>ettamen</strong></span> <span class='ocrx_word' id='word_1_159' title='bbox 1838 2676 1917 2719; x_wconf 87' lang='lat' dir='ltr'><strong>ex</strong></span> <span class='ocrx_word' id='word_1_160' title='bbox 1940 2656 2055 2719; x_wconf 86' lang='lat' dir='ltr'><strong>hoc</strong></span> 
     </span>
     <span class='ocr_line' id='line_1_24' title="bbox 286 2756 2113 2846; baseline 0.003 -26"><span class='ocrx_word' id='word_1_161' title='bbox 286 2756 709 2842; x_wconf 79' lang='lat' dir='ltr'><strong>Quodcunque</strong></span> <span class='ocrx_word' id='word_1_162' title='bbox 740 2771 830 2821; x_wconf 88' lang='lat' dir='ltr'><strong>est</strong></span> <span class='ocrx_word' id='word_1_163' title='bbox 861 2756 1080 2843; x_wconf 90' lang='lat' dir='ltr'><strong>(minus</strong></span> <span class='ocrx_word' id='word_1_164' title='bbox 1110 2772 1200 2821; x_wconf 87' lang='lat' dir='ltr'><strong>est</strong></span> <span class='ocrx_word' id='word_1_165' title='bbox 1231 2770 1449 2836; x_wconf 87' lang='lat' dir='ltr'><strong>autern,</strong></span> <span class='ocrx_word' id='word_1_166' title='bbox 1480 2759 1659 2843; x_wconf 73' lang='lat' dir='ltr'><strong>quam</strong></span> <span class='ocrx_word' id='word_1_167' title='bbox 1688 2761 1937 2823; x_wconf 87' lang='lat' dir='ltr'><strong>rhetoris</strong></span> <span class='ocrx_word' id='word_1_168' title='bbox 1968 2765 2113 2846; x_wconf 83' lang='lat' dir='ltr'><strong>aera)</strong></span> 
     </span>
     <span class='ocr_line' id='line_1_25' title="bbox 286 2861 1687 2948; baseline 0.001 -23"><span class='ocrx_word' id='word_1_169' title='bbox 286 2861 580 2947; x_wconf 90' lang='lat' dir='ltr'><strong>Discipuli</strong></span> <span class='ocrx_word' id='word_1_170' title='bbox 607 2877 806 2927; x_wconf 88' lang='lat' dir='ltr'><strong>custos</strong></span> <span class='ocrx_word' id='word_1_171' title='bbox 835 2865 1189 2948; x_wconf 85' lang='lat' dir='ltr'><strong>praemordet</strong></span> <span class='ocrx_word' id='word_1_172' title='bbox 1220 2865 1687 2941; x_wconf 68' lang='lat' dir='ltr'><strong>AcoenonoetuS,</strong></span> 
     </span>
     <span class='ocr_line' id='line_1_26' title="bbox 288 2961 1917 3055; baseline 0.001 -24"><span class='ocrx_word' id='word_1_173' title='bbox 288 2967 390 3045; x_wconf 90' lang='lat' dir='ltr'><strong>Et,</strong></span> <span class='ocrx_word' id='word_1_174' title='bbox 423 2970 520 3053; x_wconf 79' lang='lat' dir='ltr'><strong>qui</strong></span> <span class='ocrx_word' id='word_1_175' title='bbox 551 2968 868 3053; x_wconf 87' lang='lat' dir='ltr'><strong>dispensat,</strong></span> <span class='ocrx_word' id='word_1_176' title='bbox 900 2969 1111 3055; x_wconf 85' lang='lat' dir='ltr'><strong>frangit</strong></span> <span class='ocrx_word' id='word_1_177' title='bbox 1139 2970 1269 3034; x_wconf 88' lang='lat' dir='ltr'><strong>sibi.</strong></span> <span class='ocrx_word' id='word_1_178' title='bbox 1362 2961 1559 3047; x_wconf 86' lang='lat' dir='ltr'><strong>Cede,</strong></span> <span class='ocrx_word' id='word_1_179' title='bbox 1590 2970 1917 3047; x_wconf 85' lang='lat' dir='ltr'><strong>Palaemon,</strong></span> 
     </span>
     <span class='ocr_line' id='line_1_27' title="bbox 286 3072 2229 3160; baseline 0.001 -24"><span class='ocrx_word' id='word_1_180' title='bbox 286 3072 372 3137; x_wconf 86' lang='lat' dir='ltr'><strong>Et</strong></span> <span class='ocrx_word' id='word_1_181' title='bbox 400 3088 603 3158; x_wconf 85' lang='lat' dir='ltr'><strong>patere</strong></span> <span class='ocrx_word' id='word_1_182' title='bbox 632 3075 770 3138; x_wconf 75' lang='lat' dir='ltr'><strong>inde</strong></span> <span class='ocrx_word' id='word_1_183' title='bbox 801 3075 1018 3160; x_wconf 88' lang='lat' dir='ltr'><strong>aliquid</strong></span> <span class='ocrx_word' id='word_1_184' title='bbox 1049 3076 1431 3153; x_wconf 84' lang='lat' dir='ltr'><strong>decrescere,</strong></span> <span class='ocrx_word' id='word_1_185' title='bbox 1462 3098 1579 3139; x_wconf 91' lang='lat' dir='ltr'><strong>non</strong></span> <span class='ocrx_word' id='word_1_186' title='bbox 1610 3076 1796 3152; x_wconf 85' lang='lat' dir='ltr'><strong>aliter,</strong></span> <span class='ocrx_word' id='word_1_187' title='bbox 1828 3075 2006 3160; x_wconf 70' lang='lat' dir='ltr'><strong>quam</strong></span> <span class='ocrx_word' id='word_1_188' title='bbox 2098 3082 2229 3140; x_wconf 80' lang='lat'><strong>220</strong></span> 
     </span>
     <span class='ocr_line' id='line_1_28' title="bbox 285 3172 1634 3265; baseline 0.003 -24"><span class='ocrx_word' id='word_1_189' title='bbox 285 3177 518 3243; x_wconf 86' lang='lat' dir='ltr'><strong>Institor</strong></span> <span class='ocrx_word' id='word_1_190' title='bbox 545 3172 1040 3265; x_wconf 81' lang='lat' dir='ltr'><strong>hibernaetegetis</strong></span> <span class='ocrx_word' id='word_1_191' title='bbox 1067 3182 1341 3265; x_wconf 86' lang='lat' dir='ltr'><strong>niveique</strong></span> <span class='ocrx_word' id='word_1_192' title='bbox 1372 3183 1634 3259; x_wconf 88' lang='lat' dir='ltr'><strong>cadurci,</strong></span> 
     </span>
     <span class='ocr_line' id='line_1_29' title="bbox 287 3283 1977 3369; baseline 0.003 -23"><span class='ocrx_word' id='word_1_193' title='bbox 287 3283 639 3349; x_wconf 89' lang='lat' dir='ltr'><strong>Dummodo</strong></span> <span class='ocrx_word' id='word_1_194' title='bbox 668 3306 784 3347; x_wconf 90' lang='lat' dir='ltr'><strong>non</strong></span> <span class='ocrx_word' id='word_1_195' title='bbox 814 3300 1040 3368; x_wconf 87' lang='lat' dir='ltr'><strong>pereat,</strong></span> <span class='ocrx_word' id='word_1_196' title='bbox 1073 3287 1283 3349; x_wconf 83' lang='lat' dir='ltr'><strong>mediae</strong></span> <span class='ocrx_word' id='word_1_197' title='bbox 1316 3286 1475 3369; x_wconf 75' lang='lat' dir='ltr'><strong>quod</strong></span> <span class='ocrx_word' id='word_1_198' title='bbox 1506 3288 1693 3351; x_wconf 86' lang='lat' dir='ltr'><strong>noctis</strong></span> <span class='ocrx_word' id='word_1_199' title='bbox 1724 3289 1797 3351; x_wconf 81' lang='lat' dir='ltr'><strong>a&#39;b</strong></span> <span class='ocrx_word' id='word_1_200' title='bbox 1829 3288 1977 3351; x_wconf 67' lang='lat' dir='ltr'><strong>hora</strong></span> 
     </span>
     <span class='ocr_line' id='line_1_30' title="bbox 289 3388 1739 3474; baseline 0.004 -24"><span class='ocrx_word' id='word_1_201' title='bbox 289 3388 528 3465; x_wconf 87' lang='lat' dir='ltr'><strong>Sedisti,</strong></span> <span class='ocrx_word' id='word_1_202' title='bbox 559 3390 676 3474; x_wconf 64' lang='lat' dir='ltr'><strong>qua</strong></span> <span class='ocrx_word' id='word_1_203' title='bbox 703 3410 884 3453; x_wconf 89' lang='lat' dir='ltr'><strong>nemo</strong></span> <span class='ocrx_word' id='word_1_204' title='bbox 912 3388 1098 3468; x_wconf 87' lang='lat' dir='ltr'><strong>saber,</strong></span> <span class='ocrx_word' id='word_1_205' title='bbox 1129 3392 1250 3474; x_wconf 69' lang='lat' dir='ltr'><strong>qua</strong></span> <span class='ocrx_word' id='word_1_206' title='bbox 1275 3412 1455 3454; x_wconf 88' lang='lat' dir='ltr'><strong>nemo</strong></span> <span class='ocrx_word' id='word_1_207' title='bbox 1484 3394 1739 3469; x_wconf 85' lang='lat' dir='ltr'><strong>sederet,</strong></span> 
     </span>
     <span class='ocr_line' id='line_1_31' title="bbox 290 3490 1677 3578; baseline 0.003 -22"><span class='ocrx_word' id='word_1_208' title='bbox 290 3490 416 3567; x_wconf 82' lang='lat' dir='ltr'><strong>Qui</strong></span> <span class='ocrx_word' id='word_1_209' title='bbox 447 3494 626 3559; x_wconf 89' lang='lat' dir='ltr'><strong>docet</strong></span> <span class='ocrx_word' id='word_1_210' title='bbox 651 3494 890 3578; x_wconf 90' lang='lat' dir='ltr'><strong>obliquo</strong></span> <span class='ocrx_word' id='word_1_211' title='bbox 917 3494 1114 3558; x_wconf 85' lang='lat' dir='ltr'><strong>lanam</strong></span> <span class='ocrx_word' id='word_1_212' title='bbox 1145 3495 1449 3558; x_wconf 86' lang='lat' dir='ltr'><strong>deducere</strong></span> <span class='ocrx_word' id='word_1_213' title='bbox 1479 3495 1677 3575; x_wconf 74' lang='lat' dir='ltr'><strong>feri-03</strong></span> 
     </span>
    </p>
   </div>
  </div>
 </body>
</html>
