2411 3890
941 275 1184 326 SATIRA
1216 273 1303 325 IV.

147 415 260 491 Est
287 422 432 484 ratio
461 421 980 508 ulterior,·magnae
1009 425 1058 488 si
1085 425 1243 488 misit
1270 423 1497 500 amicte,

148 526 310 600 Quae
343 529 572 592 vehitur
599 529 802 593 clauso
831 530 960 594 latis
987 529 1391 615 specularibus
1419 541 1605 592 antro.

145 631 248 696 Nil
275 634 392 696 tale
421 647 778 718 exspectes:
819 635 962 698 emit
988 635 1118 699 sibi.
1205 633 1401 698 Multa
1426 633 1717 708 videmus,

147 736 298 810 Quae
330 740 508 804 miser
537 752 599 804 et
625 739 774 824 frugi
803 761 924 804 non
953 738 1094 804 fecit
1114 740 1387 823 Apicius.
1478 736 1619 800 Hoc
1650 751 1713 800 tu

148 840 500 908 Succinctus
529 843 719 928 patria
745 845 1066 927 quondam,
1097 843 1397 927 Crispine,
1428 840 1701 926 papyro?

144 944 286 1010 Hoc
317 948 506 1030 pretio
535 948 841 1030 squamae?
885 947 1088 1014 Potuit
1115 947 1362 1012 sortasse
1390 946 1633 1008 minoris

143 1048 438 1129 Piscator,
470 1052 648 1136 quam
677 1053 874 1136 piscis,
905 1053 1044 1116 emi.
1135 1051 1455 1116 Provincia
1481 1051 1625 1114 tanti

142 1152 368 1218 Vendit
393 1177 605 1238 agros3
648 1157 756 1220 sed
784 1157 1044 1241 majores
1070 1156 1292 1239 Apulia
1317 1155 1539 1218 vendit.

42 1277 44 1310 ³
147 1258 378 1333 Quales
403 1274 554 1328 tunc.
575 1261 782 1346 epulas
815 1261 1009 1344 ipsum
1039 1259 1279 1344 glutisse
1308 1273 1585 1344 putemus

42 1359 44 1362 ’
145 1364 654 1450 Induperatorem,
686 1387 871 1451 quum
899 1380 984 1430 tot
1012 1367 1295 1443 sestertia,
1325 1378 1557 1450 partem

146 1468 456 1554 Exiguam·
482 1484 544 1533 et
569 1472 820 1534 modicae
850 1486 1144 1555 sumptam
1175 1473 1255 1534 de
1286 1472 1551 1554 margine
1580 1489 1789 1546 eoenae,
1842 1447 1857 1466 ⁹

148 1573 496 1660 Purpureus
521 1577 718 1658 magni
745 1575 986 1639 ructarit
1014 1597 1213 1640 scurra
1244 1575 1457 1652 Palati,

150 1677 281 1742 Jam
312 1680 590 1765 princeps
620 1681 906 1763 equitum,
935 1681 1152 1764 magna
1181 1681 1281 1764 qui
1310 1700 1461 1743 voce
1494 1677 1721 1743 solebat

42 1851 44 1854 y
149 1779 432 1847 Vendere
462 1784 790 1869 municipes
816 1784 994 1868 pacta
1021 1785 1306 1848 mercede
1334 1783 1587 1848 siluros?
1663 1819 1671 1828 ·

44 1962 46 1965 y
149 1887 378 1975 Incipe,
408 1888 702 1973 Calliope,
731 1890 871 1953 licet
899 1903 960 1955 et
987 1890 1299 1953 considere
1326 1911 1343 1951 t
1386 1911 1503 1952 non
1534 1901 1625 1951 est

44 1992 46 1999 ’
151 1993 554 2071 Cantandum,
583 2016 682 2057 res
707 2016 852 2057 vera
879 1994 1086 2077 agitur.
1179 1993 1455 2069 Narrate,
1484 1991 1695 2076 puellae

154 2098 464 2163 Pierides:
507 2100 688 2183 prosit
717 2100 862 2161 mihi
891 2120 998 2161 vos
1027 2099 1249 2162 dixisse
1279 2098 1543 2181 puellas!

235 2202 446 2276 Quum
469 2203 598 2287 jam
626 2203 1036 2265 semianimum
1065 2205 1354 2267 laceraret
1384 2200 1625 2265 Flavius
1650 2202 1860 2265 orbem

154 2306 430 2383 UltimuS,
461 2320 522 2369 et
549 2307 718 2369 calvo
748 2307 994 2369 serviret
1021 2306 1225 2369 Roma
1252 2306 1501 2381 Neroni,

48 2444 50 2451 ·
155 2408 366 2473 Incidit
393 2410 640 2474 Adriaci
670 2409 922 2492 spatium
953 2408 1297 2471 admirabile
1324 2408 1557 2472 rhombi

156 2514 312 2577 Ante
344 2514 589 2576 domum
617 2512 890 2589 Veneris,
921 2532 1099 2595 quam
1127 2511 1359 2577 Dorica
1387 2514 1631 2577 sustinet
1656 2514 1893 2591 Ancon,

156 2618 543 2703 Implevitque
573 2619 732 2681 sinus
757 2640 774 2678 t
817 2639 1014 2700 neque
1043 2618 1200 2681 enim
1231 2618 1421 2681 minor
1448 2620 1698 2683 haeserat
1728 2620 1856 2695 illis,

52 2810 54 2817 Ι
157 2724 330 2797 Quos
357 2723 549 2807 operit
577 2722 796 2805 glacies
823 2721 1120 2800 Maeotica,
1149 2737 1439 2808 ruptaque
1466 2725 1710 2788 tandem

161 2828 398 2892 Solibus
427 2828 672 2889 effundit
698 2826 982 2910 torpentis
1009 2828 1086 2889 ad
1119 2828 1270 2889 ostia
1298 2827 1474 2890 Ponti

54 3006 56 3009 y
161 2932 416 2997 Desidia
439 2933 639 2995 tardos
667 2944 728 2994 et
753 2931 932 3013 longo
962 2928 1176 3013 frigore
1208 2932 1477 3015 pingues.

165 3036 438 3101 Destinat
463 3038 579 3099 hoe
607 3049 934 3099 monstrum
961 3036 1193 3117 cymbae
1225 3036 1443 3119 linique
1472 3037 1749 3119 magister

165 3141 436 3205 Pontifici
467 3162 722 3205 summo.
814 3138 971 3212 Quis
999 3139 1156 3201 enim
1186 3162 1521 3224 proponere
1550 3143 1730 3206 talem

170 3248 288 3310 Aut
317 3267 520 3310 emere
553 3246 818 3321 auderet,
849 3264 1030 3326 quum
1061 3245 1235 3328 plena
1266 3258 1327 3307 et
1352 3246 1545 3310 littora
1592 3250 1777 3312 multo

172 3352 454 3416 Delatore
483 3349 721 3413 forent?
767 3348 1039 3432 Dispersi
1069 3362 1351 3432 protenus
1378 3351 1531 3436 algae

183 3456 552 3542 inquisitores
581 3467 822 3539 agerent
847 3476 990 3523 cum
1017 3446 1247 3539 remige
1276 3456 1457 3531 nudo,

2016 275 2105 334 23

2016 527 2103 586 20

2012 1053 2097 1110 25

2022 2099 2102 2156 35

2027 2626 2113 2681 40

2032 3151 2117 3207 45
