2411 3890
8 629 13 754 t

122 261 212 288 Ἃ

996 295 1245 348 ΒΛΤῘΒΑ
1274 297 1420 348 vm.

209 447 512 530 Sanguine
541 445 839 529 conjugii3
887 445 1058 509 nullis
1087 447 1319 509 aconita
1339 445 1677 532 propinquis

207 550 490 630 Miscuit3
532 551 594 613 in
622 545 810 614 scenff
831 571 1134 634 nunquam
1155 552 1411 616 cantavit
1438 552 1731 615 Orestes·
1712 595 1733 628 ,

205 653 434 718 Troica
462 675 580 718 non
608 654 857 738 scripsit.
945 653 1114 728 Quid
1141 655 1301 718 enim
1328 653 1626 739 Virginius
1656 653 1837 718 mnis

209 757 436 822 Debuit
463 759 668 822 ulcisci
695 757 905 842 magis,
937 771 1038 822 aut
1063 781 1202 822 cum
1230 757 1487 823 Vindice
1516 757 1763 822 Galba?

211 861 379 936 Quid
408 863 579 926 Nero
607 875 730 926 tam
761 861 916 924 saevii
943 862 1249 946 crudaque
1278 862 1587 946 tyrannide
1618 861 1811 926 fecit?

211 965 368 1030 Haec
397 987 600 1050 opera,
633 982 810 1051 atque
838 967 930 1029 hae
962 981 1096 1030 sunt
1123 968 1393 1051 generosi
1421 967 1697 1051 principis
1724 979 1899 1042 arteS,
2014 1029 2018 1036 ,

213 1069 548 1138 Gaudentis
576 1069 741 1134 soedo
769 1073 1082 1155 peregrina
1109 1072 1186 1134 ad
1215 1071 1437 1156 pulpita
1466 1071 1617 1134 saltu

210 1175 514 1252 Prostitui,
544 1175 858 1259 Graiaeque
889 1177 1089 1259 apium
1117 1176 1405 1240 meruisse
1435 1195 1690 1238 coronae.

213 1279 516 1365 Majorum
545 1281 770 1363 effigies
797 1281 1056 1342 habeant
1081 1278 1327 1362 insignia
1355 1279 1558 1342 vocis:
1610 1303 1627 1318 ·

213 1385 376 1446 Ante
405 1384 597 1467 pedes
621 1383 852 1446 Domiti
877 1385 1120 1468 longum
1147 1397 1213 1447 tu
1242 1405 1399 1468 pone
1426 1379 1719 1467 Thyestae

214 1488 436 1572 Synna
464 1489 560 1550 vel
588 1487 1040 1571 Antigones,seu
1071 1510 1385 1573 personam
1419 1488 1818 1572 Menalippes,

214 1591 308 1656 Et
335 1593 412 1656 de
442 1613 778 1656 marmoreo
807 1593 1091 1658 citharam
1121 1596 1417 1679 suspende
1448 1593 1701 1660 colosso.

215 1695 410 1773 Quid,
441 1695 718 1774 Catilina,
745 1698 858 1761 tuis
885 1699 1191 1776 natalibus,
1222 1713 1397 1782 atque
1426 1698 1705 1782 Cethegi,

212 1799 485 1864 Inveniet
513 1801 823 1884 quisquam
852 1801 1204 1865 sublimius?
1253 1823 1417 1866 arma
1444 1817 1643 1867 tamen
1671 1825 1780 1867 vos

215 1904 532 1970 Nocturna
561 1919 621 1968 et
647 1905 920 1971 flammas
948 1906 1221 1969 domibus
1245 1907 1597 1991 templisque
1626 1905 1891 1991 periistis,

215 2008 314 2073 Ut
338 2008 734 2073 Bracatorum
761 2010 931 2095 pueri
961 2009 1389 2095 Senonumque
1417 2012 1695 2086 minores,

217 2115 394 2192 Ausi,
425 2115 583 2199 quod
612 2116 788 2200 liceat
812 2115 1014 2179 tunicii
1039 2116 1248 2200 punire
1276 2117 1551 2201 molesta..

221 2218 354 2282 Sed
381 2219 578 2303 vigilat
605 2220 829 2296 consul,
858 2221 1191 2305 vexillaque
1219 2236 1413 2285 vestra
1440 2223 1701 2286 coercet.

219 2322 566 2389 Hic‘novus
596 2326 871 2409 AspinaS,
899 2325 1185 2406 ignobilis,
1216 2338 1279 2387 et
1304 2325 1485 2388 modo
1514 2324 1730 2387 Romae

220 2426 602 2514 Municipalis
631 2450 836 2512 equeS,
865 2427 1158 2509 galeatum
1187 2428 1351 2510 ponit
1378 2428 1595 2513 ubique

221 2532 584 2605 Praesidium
613 2532 882 2609 attonitis»,
915 2546 974 2597 et
1002 2533 1058 2595 in
1089 2534 1251 2597 omni
1280 2547 1455 2618 gente
1484 2534 1728 2599 laborat.

221 2636 494 2701 Tantum
526 2638 695 2722 igitur
724 2660 924 2702 muros
952 2640 1099 2702 intra
1125 2632 1265 2723 toga
1291 2641 1535 2704 contulit
1560 2641 1639 2703 illi

225 2742 508 2806 Nominis
539 2756 602 2806 et
629 2742 793 2819 tituli,
824 2757 1106 2826 quantum
1135 2768 1254 2808 non
1282 2745 1593 2821 Leucade,
1626 2758 1907 2827 quantum

207 2846 558 2911 'Thessaliae
589 2847 813 2930 campis
842 2846 1126 2909 Octavius
1156 2849 1387 2911 abstulit
1414 2849 1537 2912 udo

227 2948 518 3015 Caedibus
547 2952 791 3015 assiduis
813 2952 1027 3035 gladio.
1121 2950 1249 3038 Sed
1279 2952 1480 3013 Roma
1509 2965 1833 3034 parentem,

230 3056 440 3121 Roma
469 3070 694 3140 patrem
724 3057 936 3140 patriae
968 3055 1329 3119 Ciceronem
1356 3056 1541 3119 libera
1570 3056 1739 3120 dixit.

231 3162 494 3247 Arpinas
524 3162 670 3225 alius
695 3159 1052 3247 Volscorum
1081 3161 1139 3223 in
1169 3174 1371 3225 monte
1398 3161 1625 3225 solebat
1704 3234 1711 3242 ¹

231 3266 506 3333 Poscere
534 3268 848 3331 mercedes
877 3267 1280 3331 alieno-lassus
1309 3280 1499 3331 aratro
1522 3289 1542 3347 ;

235 3372 554 3437 Nodosam
584 3386 716 3457 post
741 3374 870 3437 haec
900 3372 1204 3456 frangebat
1232 3372 1451 3435 vertice
1478 3372 1678 3452 vitem,

240 3476 311 3548 Si
338 3480 530 3543 lentus
558 3477 726 3563 pigra.
751 3478 1004 3541 muniret
1029 3490 1222 3541 castra
1252 3476 1511 3543 dolabra.

2074 283 2157 350 69

2030 544 2159 606 220

2029 1073 2155 1132 225

2032 1595 2161 1654 230

2038 2117 2167 2179 235

2050 3170 2177 3231 245
