2411 3890
977 273 1223 326 sarm
1253 275 1345 322 vl.

185 423 484 490 Ardebant
511 437 750 500 cuncta,
777 439 840 488 et
867 423 1056 488 fracta
1083 444 1375 508 compage
1405 421 1671 496 ruebant,

187 530 329 594 Non
357 531 534 607 aliter,
565 530 748 614 quam
777 531 826 593 si
855 529 1094 594 fecisset
1119 529 1281 593 Juno
1310 530 1587 592 maritum

183 634 470 700 Insanum.
559 636 764 700 Minus
793 658 938 719 ergo
966 657 1190 700 nocens
1218 637 1329 698 erit
1356 634 1693 718 Agrippinae

182 741 458 806 Boletus:
505 743 798 827 siquidem
829 742 1000 804 unius
1029 741 1353 826 praecordia
1385 741 1595 824 pressit

179 846 286 910 Ille
311 850 482 924 senis,
513 849 950 931 tremulumque
981 861 1160 932 caput
1191 846 1563 910 descendere
1585 844 1761 930 jussit

178 951 246 1014 In
275 955 511 1030 coelum,
543 968 604 1016 et
630 954 866 1037 longam
899 953 1192 1016 manantia
1220 953 1382 1014 labra
1412 951 1673 1014 salivam.

179 1056 328 1121 Haec
356 1059 544 1143 poscit
573 1057 794 1122 ferrum
825 1074 1000 1142 atque
1030 1059 1217 1142 ignee,
1248 1058 1377 1120 haec
1405 1057 1565 1140 potio
1594 1067 1865 1137 torquet:

179 1162 338 1228 Haec
364 1166 586 1228 lacerat
615 1165 832 1228 mixtos
861 1164 1124 1246 equitum
1155 1185 1299 1226 cum
1329 1161 1611 1244 sanguine
1642 1172 1862 1243 patres.

177 1267 352 1332 Tanti
382 1284 584 1354 partus
613 1291 780 1353 equae
805 1271 818 1332 ἱ
867 1269 1066 1353 quanti
1091 1289 1209 1330 una
1240 1267 1509 1329 venefica
1536 1262 1813 1328 constat?

263 1374 534 1438 Oderunt
561 1389 728 1439 natos
757 1375 833 1438 de
863 1374 1116 1458 pellice3
1160 1393 1342 1436 nemo
1370 1384 1681 1456 repugnet,

175 1480 376 1544 Nemo
405 1495 564 1554 vetet
592 1504 607 1542 ε
641 1481 770 1566 jam
787 1481 918 1566 jam
948 1481 1277 1564 privignum
1306 1479 1585 1542 occidere
1617 1475 1705 1541 sas
1735 1491 1843 1540 est.

173 1583 298 1649 Vos
327 1579 462 1669 ego,
492 1587 716 1670 pupilli,
747 1609 984 1662 moneO,
1013 1587 1225 1671 quibus
1256 1586 1505 1670 amplior
1534 1599 1624 1650 est
1653 1607 1768 1662 reS,

173 1689 484 1756 Custodite
513 1693 759 1769 animas,
789 1707 852 1756 et
879 1686 1020 1756 nulli
1052 1693 1279 1756 credite
1308 1713 1553 1756 mensae.

169 1792 384 1856 Livida
413 1809 680 1858 materno
703 1793 932 1858 fervent
960 1796 1196 1878 adipata
1224 1816 1477 1856 veneno.

167 1896 448 1963 Mordeat
477 1899 610 1963 ante
643 1899 870 1984 aliquis,
904 1898 1188 1982 quidquid
1218 1900 1549 1983 porrexerit
1576 1899 1697 1973 illa,

166 2004 319 2079 Quae
349 2006 618 2089 peperit:
666 2006 902 2067 timidus
931 2016 1249 2089 praegustet
1278 2004 1492 2087 pocula
1520 2024 1849 2109 pappass

167 2108 476 2193 Fingimus
503 2112 652 2187 haec,
685 2111 863 2173 altum
895 2108 1089 2172 Satira
1120 2122 1389 2172 sumente
1420 2109 1792 2185 cothurnum,

168 2214 456 2295 Scilicet3
500 2230 578 2291 et,
609 2216 790 2279 finem
821 2215 1040 2298 egressi
1070 2216 1385 2298 legemque
1416 2214 1699 2297 priorum,

166 2319 412 2383 Grande
447 2320 790 2404 Sophocleo
819 2341 1060 2381 carmen
1091 2320 1456 2381 bacchamur
1484 2318 1667 2391 hiatu,

162 2422 468 2489 Montibus
495 2423 1020 2509 ignotumButulis
1048 2424 1325 2505 coeloque
1356 2420 1593 2485 Latino.

157 2529 290 2595 Nos
321 2532 544 2594 utinam
575 2531 708 2593 vani
735 2531 750 2591 Ξ
799 2528 906 2592 sed
935 2528 1152 2593 clamat
1179 2528 1413 2605 Pontia,
1446 2526 1619 2605 Feci,

160 2634 490 2713 Confiteor,
522 2634 835 2719 puerisque
867 2635 1015 2698 meis
1045 2635 1277 2698 aconita
1307 2635 1527 2719 paravi,

159 2740 312 2815 Quae
346 2741 642 2825 deprensa
674 2755 909 2825 patent:
957 2740 1183 2805 facinus
1213 2755 1413 2805 tamen
1443 2743 1571 2825 ipsa
1600 2744 1824 2826 peregi.

157 2844 338 2909 Tune
371 2846 522 2909 duos
551 2845 688 2923 unii,
719 2845 1035 2909 saevissima
1065 2845 1283 2929 vipera,
1314 2846 1541 2909 coena?

157 2949 338 3014 Tune
371 2950 572 3014 duos?
665 2950 932 3035 Septem,
965 2951 1011 3013 si
1041 2966 1269 3035 septem
1303 2950 1451 3014 forte
1484 2950 1746 3014 fuissent.

158 3056 502 3119 Credamus
531 3056 784 3140 tragicis,
815 3056 1100 3141 quidquid
1131 3058 1209 3119 de
1240 3056 1537 3121 Colchide
1567 3056 1735 3119 torva

157 3162 391 3225 Dicitur
421 3176 480 3224 et
510 3161 786 3225 Procne:
829 3162 910 3224 nil
939 3162 1143 3225 contra
1170 3185 1373 3239 conor,
1406 3176 1465 3225 et
1494 3162 1601 3225 illae

160 3268 423 3331 Grandia
451 3282 706 3331 monstra
737 3268 856 3331 suis
885 3265 1182 3331 audebant
1211 3268 1611 3351 temporibus;
1655 3271 1763 3333 sed

159 3372 298 3435 Non
325 3387 564 3457 propter
592 3395 886 3437 nummos.
976 3374 1176 3436 Minor
1205 3374 1511 3437 admiratio
1542 3376 1789 3438 summis

161 3476 432 3544 Debetur
457 3478 752 3555 monstris,
787 3480 1018 3563 quoties
1047 3476 1188 3544 facit
1212 3478 1300 3541 ira
1328 3493 1647 3543 nocentem

2044 271 2121 330 51

2000 417 2127 478 495

2001 950 2125 1008 500

1998 1479 2123 1536 505

1995 2006 2119 2063 510

1980 2533 2108 2592 515

1983 3064 2107 3123 520
