2411 3890
251 292 330 348 14
417 297 422 302 ·
871 285 938 334 n.
971 285 1160 336 sunu
1189 285 1571 337 summus

239 431 471 510 Tristis,
501 447 564 497 et
593 455 626 496 a
657 453 872 516 magno
901 455 1138 517 semper
1163 435 1423 498 timearis
1462 378 1801 520 amicofffl

326 537 480 611 Quae
511 559 667 601 nuuc
699 539 968 602 divitibus
996 560 1142 622 gens
1173 539 1581 623 acceptissima
1610 537 1838 614 nostrie,

235 641 322 734 Et
351 664 500 726 quos
525 642 822 726 praecipue
854 641 1094 726 fugiam,
1123 643 1457 727 properabo
1486 641 1674 719 fateri,

235 747 374 810 Nec
401 748 594 830 pudor
619 748 891 812 obstabit.
981 747 1124 810 Non
1154 769 1397 830 possum
1424 747 1600 824 ferre,
1631 746 1913 821 Quirites,

235 851 511 930 Graecam
541 855 748 916 urbem
776 876 807 926 ε,
835 853 1102 937 quamvis
1131 866 1312 936 quota
1342 853 1528 936 portio
1558 851 1719 916 faecis
1748 850 1955 914 Achaei
1988 849 2015 912 ?

231 956 271 1019 J
275 979 372 1020 am
399 958 632 1041 pridem
664 957 853 1042 Syrus
881 958 940 1020 in
969 957 1239 1021 Tiberim
1272 957 1519 1034 defluxit
1546 957 1827 1031 Orontes«,

232 1060 318 1125 Et
343 1062 624 1146 linguam,
655 1075 716 1124 et
743 1084 962 1139 mores,
991 1076 1055 1125 et
1083 1084 1223 1126 cum
1252 1062 1489 1125 tibicine
1520 1061 1774 1124 chordas

230 1167 540 1251 Obliquas,
569 1189 686 1230 nec
715 1190 830 1232 non
861 1167 1100 1251 gentilia
1129 1181 1411 1251 tympana
1440 1187 1648 1230 secum

229 1269 434 1348 Vexit,
467 1287 528 1334 et
560 1273 636 1335 ad
672 1272 921 1336 Circum
941 1272 1140 1356 jussas
1170 1286 1433 1356 prostare
1463 1271 1792 1392 puellas?

225 1375 336 1452 Ite,
371 1377 580 1459 quibus
609 1390 774 1458 grata
803 1389 894 1438 est
919 1376 1080 1457 picta
1105 1377 1249 1456 lupa
1278 1376 1524 1437 barbara
1562 1375 1753 1435 mitra.

229 1478 516 1542 Rusticus
545 1479 640 1542 ille
670 1493 804 1542 tuus
833 1479 1010 1542 sumit
1043 1477 1451 1562 trechedipna‚
1483 1474 1754 1553 Quirine,

227 1583 312 1646 Et
343 1584 706 1648 ceromatico
732 1582 848 1646 fert
869 1585 1146 1648 niceteria
1177 1586 1351 1648 collo.

227 1687 352 1750 Hic
383 1687 498 1750 alta
529 1687 810 1770 Sicyone,
843 1702 932 1750 ast
959 1689 1055 1752 hic
1085 1690 1407 1772 Amydone
1445 1689 1669 1766 relicta,

229 1790 352 1854 Hic
382 1791 612 1868 Andro,
643 1792 738 1854 ille
772 1792 977 1868 Same,
1009 1793 1107 1855 hic
1135 1792 1455 1870 TrallibuS‚
1486 1807 1588 1856 aut
1616 1792 1955 1867 AlabandiS,

225 1894 524 1981 Esquilias
553 1896 896 1981 dictumque
930 1910 1133 1981 petunt
1161 1918 1196 1959 a
1229 1897 1445 1961 vimine
1476 1897 1711 1974 collem,

227 1999 483 2065 Viscera
510 2023 856 2085 magnarum
880 2003 1168 2065 domuum
1199 2002 1539 2084 dominique
1569 2000 1765 2066 futuri.

226 2106 533 2188 Ingenium
566 2106 764 2181 velox,
795 2107 1046 2169 audacia
1075 2108 1328 2189 perdita,
1358 2128 1555 2169 sermo

228 2210 552 2294 Promptus
581 2225 642 2272 et
669 2209 818 2272 Isaeo
845 2211 1178 2273 torrentior.
1270 2210 1432 2287 Ede,
1454 2210 1606 2294 ⁴quid
1635 2212 1798 2273 illum

228 2314 386 2377 Esse
414 2313 638 2399 putes?
681 2316 948 2399 quemvis
976 2316 1276 2379 hominem
1308 2337 1513 2379 secum
1546 2316 1731 2379 attulit
1760 2317 1834 2379 ad
1864 2337 1972 2378 nos
1997 2339 2013 2376 z

231 2420 690 2497 Grammaticus,
719 2422 937 2497 rhetor,
968 2434 1323 2504 geometres,
1355 2422 1561 2505 pictor,
1592 2423 1819 2504 aliptes,

229 2526 458 2608 Augur,
489 2525 922 2599 schoenobateS‚
954 2525 1243 2600 medicus,
1276 2544 1520 2607 magus:
1562 2526 1759 2587 omnia
1788 2526 1965 2588 novit.

231 2628 541 2692 Graeculus
572 2628 834 2691 esuriens
863 2628 922 2689 in
951 2628 1193 2704 coelum,
1215 2627 1481 2713 jusseris,
1512 2630 1633 2693 ibit.

2108 747 2194 804 6⁰

2106 1272 2193 1330 65

2105 1798 2196 1852 70

2103 2322 2191 2381 ⁷5.

226 2734 326 2796 Ad
357 2754 670 2809 summam,
693 2753 809 2794 non
833 2731 1082 2795 Maurus
1106 2747 1251 2810 erat,
1272 2755 1467 2817 neque
1500 2734 1794 2811 Sarmata,
1816 2756 1931 2797 nec
1947 2733 2189 2813 Thrax,

227 2836 353 2909 Qui
381 2838 628 2921 sumpsit
649 2857 892 2920 pennaS‚
923 2835 1133 2900 mediis
1161 2839 1265 2900 sed
1298 2852 1468 2901 natus
1496 2840 1765 2901 AtheniS.

227 2936 464 3001 Horum
495 2960 608 3021 ego
636 2959 752 3001 non
782 2936 1004 3022 fugiam
1031 2939 1391 3021 conchylia?
1436 2940 1545 3002 Me
1575 2941 1731 3023 prior
1757 2941 1855 3003 ille

232 3043 546 3127 Signabit?
593 3042 888 3126 fultusque
919 3059 1047 3107 toro
1075 3044 1321 3108 meliore
1348 3046 1661 3109 recumbet

228 3148 536 3211 Advectus
567 3146 852 3223 Romam,
883 3168 1002 3231 quo
1033 3170 1219 3231 pruna
1252 3163 1313 3211 et
1340 3162 1574 3213 cottana
1602 3151 1825 3214 vento?

228 3252 440 3335 Usque
469 3251 622 3315 adeo
651 3252 791 3315 nihil
821 3266 928 3329 est,
961 3255 1116 3338 quod
1149 3267 1346 3317 nostra
1374 3253 1615 3319 infantia
1642 3256 1861 3319 coelum

234 3356 453 3420 Hausit
482 3358 842 3419 Aventinum
873 3357 1064 3421 bacca
1091 3359 1305 3421 nutrita
1336 3358 1612 3422 Sabina?

174 3451 188 3548 ξ
231 3460 417 3537 Quid,
453 3461 612 3545 quod
644 3462 919 3529 adulandi
949 3483 1094 3547 gens
1121 3463 1571 3545 prudentissima
1600 3465 1802 3529 laudat

2102 2844 2193 2902 80

2094 3368 2193 3427 85
