2411 3890
680 718 761 787 11).
803 726 1029 789 ‘mm
1070 711 1531 791 mvinmms

920 1027 1272 1079 AQUINATIS

718 1246 1484 1331 SATIRARUM

802 1522 1017 1571 LIBER
1051 1524 1384 1579 QUINTUS.

816 1893 1140 1960 SATIRA
1184 1894 1359 1959 XIII.

102 2103 421 2165 Exnmmo
450 2103 844 2186 quodcunque
874 2103 1033 2166 malo
1062 2105 1459 2181 committitur,
1489 2106 1597 2186 ipsi

99 2207 391 2291 Displicet
420 2208 664 2270 auctori.
755 2207 961 2270 Prima
992 2221 1081 2270 est
1109 2209 1239 2271 haec
1274 2210 1429 2285 ultio,
1463 2210 1620 2293 qued
1654 2231 1719 2274 se

96 2309 312 2374 Judice
343 2334 521 2376 nemo
550 2335 774 2376 nocens
804 2313 1135 2389 absolvitur,
1166 2315 1434 2398 improba
1465 2317 1730 2400 quamvis

96 2415 300 2479 Gratia
330 2415 519 2480 fallaci
549 2418 811 2500 praetoris
840 2418 1043 2480 vicerit
1077 2417 1244 2480 urna.

92 2519 259 2591 Quid
289 2521 502 2582 sentire
532 2534 703 2602 putas
732 2542 959 2596 omnes,
992 2509 1263 2597 Calvine,
1293 2523 1517 2584 recenti

87 2623 189 2684 De
220 2622 445 2684 scelere
478 2635 537 2684 et
564 2623 704 2684 fidei
735 2623 958 2685 violatae
990 2624 1232 2686 crimine
1258 2625 1285 2686 ?
1333 2627 1460 2688 Sed
1492 2649 1606 2690 nec

85 2726 245 2788 Tam
276 2727 466 2791 tenuis
496 2749 711 2790 census
742 2727 841 2789 tibi
870 2728 1129 2810 contigit,
1160 2743 1222 2790 ut
1251 2731 1568 2794 mediocris

80 2829 333 2894 Jacturae
364 2845 421 2894 te
452 2846 681 2915 mergat
709 2854 857 2894 onus
880 2854 899 2911 ;
944 2855 1057 2896 nec
1088 2855 1222 2896 rara
1250 2835 1540 2913 videmus,

79 2933 233 3006 Quae
266 2937 501 3018 pateris·
594 2935 789 2999 Casus
819 2937 1011 3000 multis
1042 2937 1138 2999 hic
1170 2940 1457 3022 cognituS,
1485 2962 1556 3004 ac
1574 2941 1703 3026 jam

74 3039 296 3115 Tritus,
328 3054 387 3103 et
418 3063 453 3102 e
482 3041 681 3103 medio
712 3040 987 3104 Fortunae
1020 3042 1234 3105 ductus
1263 3065 1499 3107 acervo.

70 3143 377 3206 Ponamus
406 3144 617 3206 nimios
645 3145 899 3226 gemitus
925 3166 941 3206 ε
986 3145 1320 3228 flagrantior
1349 3168 1517 3230 aequo

68 3247 211 3310 Non
242 3249 422 3310 debet
452 3248 621 3310 dolor
650 3269 781 3310 esse
812 3250 935 3326 viri,
968 3271 1081 3312 nec
1110 3250 1354 3312 vulnere
1384 3251 1592 3336 major.

61 3349 164 3414 Tu
194 3352 461 3434 quamvis
488 3351 707 3413 levium
738 3352 1039 3414 minimam
1072 3355 1466 3438 exiguamque
1496 3359 1788 3423 malorum

60 3455 421 3521 Particulam
452 3456 553 3520 vix
582 3454 737 3518 ferre
765 3469 956 3540 potes,
986 3459 1391 3542 spumantibus
1420 3437 1633 3527 ariiens

1941 3055 2022 3111 10
