2411 3890
937 303 1180 356 SATIRA
1210 309 1299 357 VI.
1391 359 1404 364 ,
2013 307 2093 366 37

159 455 398 520 Pertulit
423 457 656 520 Ionium
687 457 974 522 constanti
1005 471 1271 540 pectore,
1304 454 1570 539 quamvis
2016 457 2053 511 ’7
2061 455 2095 511 5

159 561 505 624 Mutandum
534 563 708 624 toties
737 577 897 626 esset
927 583 1110 624 mare.
1199 559 1369 623 Justa
1400 559 1601 643 pericli

163 665 220 728 Si
250 669 396 730 ratio
425 683 516 731 est
543 681 604 730 et
629 669 876 731 honesta
901 689 920 746 3
963 668 1190 744 timent,
1220 665 1557 750 pavidoque
1588 665 1855 747 gelantur

163 757 434 847 Pectore,
463 795 578 836 nec
609 772 872 834 tremulis
899 787 1142 855 possunt
1174 771 1439 835 insistere
1470 770 1681 853 plantis
1708 793 1725 830 ε

111 861 212 944 (F
213 893 398 939 ortem
433 879 690 940 animum
721 883 1002 961 praestant
1029 877 1229 951 rebus,
1262 897 1407 958 quas
1433 875 1681 958 turpiter
1711 875 1951 938 audent.

159 980 221 1044 Si
241 982 452 1066 jubeat
481 981 720 1066 conjux,
751 983 966 1044 durum
997 995 1085 1046 est
1113 981 1525 1044 conscendere
1555 981 1753 1042 navim
1780 1003 1798 1058 3
2019 985 2101 1041 80

157 1085 333 1148 Tunc
364 1063 589 1148 sentina
619 1087 832 1169 gravis,
862 1100 1002 1149 tunc
1034 1108 1301 1148 summus
1330 1086 1573 1147 vertitur
1604 1087 1726 1145 aer.

155 1189 310 1262 Quae
341 1193 646 1253 moechum
677 1191 956 1274 sequitur,
988 1189 1297 1252 stomacho
1327 1190 1501 1250 valet.
1591 1187 1699 1248 Illa
1726 1189 1999 1250 maritum

159 1293 479 1358 Convomit
503 1319 518 1357 :
545 1298 673 1359 haec
697 1297 848 1360 inter
867 1309 1076 1358 nautas
1101 1308 1158 1356 et
1177 1293 1447 1376 prandet,
1480 1307 1539 1356 et
1568 1306 1726 1355 errat

121 1411 132 1419 “
157 1399 277 1461 Per
311 1423 594 1483 puppem,
623 1415 684 1462 et
713 1403 893 1464 duros
922 1401 1141 1483 gaudet
1168 1412 1422 1462 tractare
1452 1401 1757 1462 rudentes.

157 1504 302 1577 Qua
331 1519 530 1566 tamen
561 1506 780 1567 exarsit
809 1505 1020 1582 forma,
1051 1503 1171 1588 qua
1199 1519 1395 1588 capta,
1423 1503 1671 1589 juventa
1700 1518 1789 1568 est
2020 1510 2101 1564 85

85 1631 94 1644 ’
159 1608 434 1692 Hippia?
482 1610 620 1692 quid
651 1609 810 1686 vidit,
841 1624 1082 1693 propter
1111 1612 1272 1694 quod
1303 1611 1464 1672 ludia
1494 1611 1611 1672 diei

161 1713 502 1776 Sustinuit?
547 1735 682 1775 nam
715 1713 1019 1796 Sergiolus
1037 1716 1166 1799 jam
1195 1716 1409 1777 radere
1442 1727 1637 1796 guttur

155 1816 467 1900 Coeperat,
500 1832 558 1880 et
589 1805 752 1880 secto
781 1820 1045 1902 requiem
1079 1815 1317 1902 sperare
1347 1821 1590 1882 lacerto·

160 1921 470 1985 Praeterea
500 1923 684 1985 multa
714 1925 771 1985 in
801 1923 954 2013 facie
985 1921 1296 1998 deformia,
1329 1923 1481 1985 sicut

151 2028 406 2091 Attritus
435 2027 624 2110 galea,
654 2030 984 2111 mediisque
1014 2030 1074 2089 in
1105 2028 1342 2090 naribus
1372 2028 1581 2110 ingens
2026 2032 2107 2090 90

157 2132 414 2207 Gibbus,
446 2147 506 2193 et
537 2154 672 2195 acre
704 2135 926 2195 malum
959 2155 1196 2217 semper
1229 2133 1488 2195 stillantis
1518 2134 1712 2195 ocelli.
2063 2192 2093 2209 ,

156 2236 288 2299 Sed
319 2237 606 2319 gladiator
633 2251 797 2301 erat:
845 2237 986 2299 sac-it
1014 2239 1131 2299 hoc
1161 2238 1289 2299 illos
1321 2237 1732 2319 Hyacinthos3

153 2338 300 2402 Hoc
330 2341 550 2422 pueriS,
579 2341 918 2424 patriaeque,
949 2342 1066 2404 hoc
1097 2342 1343 2424 praetulit
1370 2341 1467 2401 illa
1500 2341 1683 2402 sorori

153 2445 360 2527 Atque
391 2424 559 2511 vjr'o‘:
602 2444 824 2507 ferrum
855 2458 966 2521 est,
993 2446 1395 2528 quodamant.
1486 2442 1609 2507 Hic
1634 2443 1877 2528 Sergius
1899 2446 2059 2509 idem

151 2548 435 2631 Accepta
461 2550 608 2611 rude
639 2550 919 2633 coepisset
947 2550 1200 2615 Veiento
1230 2552 1529 2615 videri.—
2022 2558 2105 2615 95

167 2701 173 2707 .
245 2652 666 2736 Hippomanes
697 2676 1056 2739 carmenque
1086 2657 1315 2741 loquar,
1346 2672 1705 2740 coctumque
1734 2678 2053 2733 venenum,

152 2758 558 2841 Privignoque
590 2759 790 2821 datum
817 2759 842 2821 ?
934 2759 1190 2822 Faciunt
1220 2764 1489 2843 graviora
1518 2778 1738 2825 coactae

151 2863 420 2947 Imperio
449 2861 648 2938 sexfiS,
681 2865 1106 2945 minimumque
1135 2866 1373 2928 libidine
1404 2880 1676 2948 peccant.

245 2966 496 3049 Optima
524 2967 629 3029 sed
661 2990 843 3051 quare
873 2967 1192 3043 Cesennia,
1226 2984 1373 3031 teste
1404 2966 1657 3030 marito?

154 3072 272 3141 Bis
302 3073 620 3155 quingenta
649 3072 815 3135 dedit
837 3096 856 3152 3
899 3074 1041 3135 tanti
1069 3086 1242 3135 vocat
1270 3073 1367 3135 ille
1396 3072 1676 3156 pudicam
1702 3095 1720 3151 3
1986 3082 2105 3139 100

155 3176 222 3239 N
225 3198 301 3239 ec
329 3174 584 3239 Veneris
611 3178 897 3260 pharetris
927 3201 1128 3242 macer
1159 3192 1266 3256 est,
1298 3192 1399 3241 aut
1424 3178 1701 3262 lampade
1734 3178 1922 3244 fervet
1948 3204 1963 3240 ε

155 3280 310 3344 Inde
336 3280 502 3346 faces
531 3283 778 3363 ardent3
821 3286 1061 3347 veniunt
1091 3308 1124 3347 a
1155 3286 1293 3347 dote
1324 3285 1562 3366 sagittae.

159 3386 440 3451 Libertas
471 3387 722 3449 emitur:
768 3389 970 3453 coram
1002 3390 1142 3451 licet
1163 3390 1366 3450 innuat
1394 3403 1569 3472 atque

159 3492 504 3565 Rescribat,
536 3491 711 3553 vidua
742 3508 851 3569 est,
881 3495 1146 3575 locuples
1178 3514 1306 3575 quae
1340 3494 1533 3575 nupsit
1562 3514 1759 3555 avaro.

851 3604 892 3657 4
