<?xml version="1.0" encoding="UTF-8"?>
<!DOCTYPE html PUBLIC "-//W3C//DTD XHTML 1.0 Transitional//EN"
    "http://www.w3.org/TR/xhtml1/DTD/xhtml1-transitional.dtd">
<html xmlns="http://www.w3.org/1999/xhtml" xml:lang="en" lang="en">
 <head>
  <title>
</title>
<meta http-equiv="Content-Type" content="text/html;charset=utf-8" />
  <meta name='ocr-system' content='tesseract 3.04.00' />
  <meta name='ocr-capabilities' content='ocr_page ocr_carea ocr_par ocr_line ocrx_word'/>
</head>
<body>
  <div class='ocr_page' id='page_1' title='image "./djuniijuvenalis00levegoog_0074.png"; bbox 0 0 2411 3890; ppageno 0'>
   <div class='ocr_carea' id='block_1_1' title="bbox 287 279 1593 341">
    <p class='ocr_par' dir='ltr' id='par_1_1' title="bbox 287 279 1593 341">
     <span class='ocr_line' id='line_1_1' title="bbox 287 279 1593 341; baseline 0.005 -16"><span class='ocrx_word' id='word_1_1' title='bbox 287 279 372 341; x_wconf 87' lang='lat'>64</span> <span class='ocrx_word' id='word_1_2' title='bbox 892 281 959 330; x_wconf 82' lang='lat' dir='ltr'>n.</span> <span class='ocrx_word' id='word_1_3' title='bbox 989 281 1178 336; x_wconf 67' lang='lat' dir='ltr'>mun</span> <span class='ocrx_word' id='word_1_4' title='bbox 1210 283 1593 336; x_wconf 68' lang='lat' dir='ltr'>,iuvemus</span> 
     </span>
    </p>
   </div>
   <div class='ocr_carea' id='block_1_2' title="bbox 231 422 2245 3565">
    <p class='ocr_par' dir='ltr' id='par_1_2' title="bbox 283 422 1767 516">
     <span class='ocr_line' id='line_1_2' title="bbox 283 422 1767 516; baseline 0.005 -28"><span class='ocrx_word' id='word_1_5' title='bbox 283 422 474 499; x_wconf 83' lang='lat' dir='ltr'>Quod</span> <span class='ocrx_word' id='word_1_6' title='bbox 503 429 720 510; x_wconf 86' lang='lat' dir='ltr'>possim</span> <span class='ocrx_word' id='word_1_7' title='bbox 751 429 928 494; x_wconf 83' lang='lat' dir='ltr'>titulis</span> <span class='ocrx_word' id='word_1_8' title='bbox 956 432 1221 496; x_wconf 82' lang='lat' dir='ltr'>incidere</span> <span class='ocrx_word' id='word_1_9' title='bbox 1250 447 1461 516; x_wconf 81' lang='lat' dir='ltr'>praeter</span> <span class='ocrx_word' id='word_1_10' title='bbox 1488 434 1767 509; x_wconf 81' lang='lat' dir='ltr'>honoreS,</span> 
     </span>
    </p>

    <p class='ocr_par' dir='ltr' id='par_1_3' title="bbox 283 529 2245 726">
     <span class='ocr_line' id='line_1_3' title="bbox 283 529 2245 621; baseline 0.004 -28"><span class='ocrx_word' id='word_1_11' title='bbox 283 529 460 605; x_wconf 79' lang='lat' dir='ltr'>Quos</span> <span class='ocrx_word' id='word_1_12' title='bbox 488 533 595 596; x_wconf 89' lang='lat' dir='ltr'>illis</span> <span class='ocrx_word' id='word_1_13' title='bbox 625 534 838 598; x_wconf 83' lang='lat' dir='ltr'>damus</span> <span class='ocrx_word' id='word_1_14' title='bbox 867 549 928 598; x_wconf 90' lang='lat' dir='ltr'>et</span> <span class='ocrx_word' id='word_1_15' title='bbox 955 537 1253 613; x_wconf 74' lang='lat' dir='ltr'>dedimuS,</span> <span class='ocrx_word' id='word_1_16' title='bbox 1288 537 1499 621; x_wconf 84' lang='lat' dir='ltr'>quibus</span> <span class='ocrx_word' id='word_1_17' title='bbox 1526 537 1725 600; x_wconf 83' lang='lat' dir='ltr'>omnia</span> <span class='ocrx_word' id='word_1_18' title='bbox 1760 535 1967 601; x_wconf 86' lang='lat' dir='ltr'>debes.</span> <span class='ocrx_word' id='word_1_19' title='bbox 2152 542 2245 600; x_wconf 82' lang='lat'>&#39;70</span> 
     </span>
     <span class='ocr_line' id='line_1_4' title="bbox 371 630 2151 726; baseline 0.003 -27"><span class='ocrx_word' id='word_1_20' title='bbox 371 635 522 702; x_wconf 85' lang='lat' dir='ltr'>Haec</span> <span class='ocrx_word' id='word_1_21' title='bbox 553 637 692 702; x_wconf 83' lang='lat' dir='ltr'>satis</span> <span class='ocrx_word' id='word_1_22' title='bbox 721 641 800 703; x_wconf 88' lang='lat' dir='ltr'>ad</span> <span class='ocrx_word' id='word_1_23' title='bbox 812 639 1120 726; x_wconf 88' lang='lat' dir='ltr'>juvenem,</span> <span class='ocrx_word' id='word_1_24' title='bbox 1151 663 1333 725; x_wconf 89' lang='lat' dir='ltr'>quem</span> <span class='ocrx_word' id='word_1_25' title='bbox 1362 642 1529 705; x_wconf 89' lang='lat' dir='ltr'>nobis</span> <span class='ocrx_word' id='word_1_26' title='bbox 1558 641 1717 704; x_wconf 84' lang='lat' dir='ltr'>fama</span> <span class='ocrx_word' id='word_1_27' title='bbox 1738 643 2058 725; x_wconf 84' lang='lat' dir='ltr'>superbum</span> <span class='ocrx_word' id='word_1_28' title='bbox 2142 630 2151 634; x_wconf 48' lang='grc'><em>’</em></span> 
     </span>
    </p>

    <p class='ocr_par' dir='ltr' id='par_1_4' title="bbox 281 740 1957 832">
     <span class='ocr_line' id='line_1_5' title="bbox 281 740 1957 832; baseline 0.004 -31"><span class='ocrx_word' id='word_1_29' title='bbox 281 740 514 818; x_wconf 88' lang='lat' dir='ltr'>Tradit,</span> <span class='ocrx_word' id='word_1_30' title='bbox 545 757 606 806; x_wconf 89' lang='lat' dir='ltr'>et</span> <span class='ocrx_word' id='word_1_31' title='bbox 633 743 917 824; x_wconf 86' lang='lat' dir='ltr'>inflatum,</span> <span class='ocrx_word' id='word_1_32' title='bbox 947 747 1308 830; x_wconf 87' lang='lat' dir='ltr'>plenumque</span> <span class='ocrx_word' id='word_1_33' title='bbox 1338 747 1584 810; x_wconf 77' lang='lat' dir='ltr'>Nerone</span> <span class='ocrx_word' id='word_1_34' title='bbox 1606 747 1957 832; x_wconf 82' lang='lat' dir='ltr'>propinquo.</span> 
     </span>
    </p>

    <p class='ocr_par' dir='ltr' id='par_1_5' title="bbox 283 845 1703 916">
     <span class='ocr_line' id='line_1_6' title="bbox 283 845 1703 916; baseline 0.003 -8"><span class='ocrx_word' id='word_1_35' title='bbox 283 845 482 910; x_wconf 82' lang='lat' dir='ltr'>Rarus</span> <span class='ocrx_word' id='word_1_36' title='bbox 512 849 670 911; x_wconf 90' lang='lat' dir='ltr'>enim</span> <span class='ocrx_word' id='word_1_37' title='bbox 699 850 888 914; x_wconf 78' lang='lat' dir='ltr'>ferme</span> <span class='ocrx_word' id='word_1_38' title='bbox 919 873 1126 916; x_wconf 87' lang='lat' dir='ltr'>sensus</span> <span class='ocrx_word' id='word_1_39' title='bbox 1155 852 1488 915; x_wconf 88' lang='lat' dir='ltr'>communis</span> <span class='ocrx_word' id='word_1_40' title='bbox 1514 851 1575 913; x_wconf 93' lang='lat' dir='ltr'>in</span> <span class='ocrx_word' id='word_1_41' title='bbox 1604 849 1703 912; x_wconf 68' lang='lat' dir='ltr'>illa</span> 
     </span>
    </p>

    <p class='ocr_par' dir='ltr' id='par_1_6' title="bbox 281 953 1629 1032">
     <span class='ocr_line' id='line_1_7' title="bbox 281 953 1629 1032; baseline 0 -14"><span class='ocrx_word' id='word_1_42' title='bbox 281 953 568 1019; x_wconf 65' lang='lat' dir='ltr'>Fortuna.</span> <span class='ocrx_word' id='word_1_43' title='bbox 660 956 786 1019; x_wconf 86' lang='lat' dir='ltr'>Sed</span> <span class='ocrx_word' id='word_1_44' title='bbox 815 971 874 1019; x_wconf 89' lang='lat' dir='ltr'>te</span> <span class='ocrx_word' id='word_1_45' title='bbox 904 959 1136 1022; x_wconf 86' lang='lat' dir='ltr'>censeri</span> <span class='ocrx_word' id='word_1_46' title='bbox 1166 959 1343 1022; x_wconf 87' lang='lat' dir='ltr'>laude</span> <span class='ocrx_word' id='word_1_47' title='bbox 1372 971 1629 1032; x_wconf 88' lang='lat' dir='ltr'>tuorum,</span> 
     </span>
    </p>

    <p class='ocr_par' dir='ltr' id='par_1_7' title="bbox 283 1059 2241 1146">
     <span class='ocr_line' id='line_1_8' title="bbox 283 1059 2241 1146; baseline -0.002 -23"><span class='ocrx_word' id='word_1_48' title='bbox 283 1059 554 1138; x_wconf 85' lang='lat' dir='ltr'>Pontice,</span> <span class='ocrx_word' id='word_1_49' title='bbox 585 1062 896 1139; x_wconf 87' lang='lat' dir='ltr'>noluerim,</span> <span class='ocrx_word' id='word_1_50' title='bbox 929 1065 1014 1127; x_wconf 88' lang='lat' dir='ltr'>sic</span> <span class='ocrx_word' id='word_1_51' title='bbox 1043 1079 1108 1126; x_wconf 89' lang='lat' dir='ltr'>ut</span> <span class='ocrx_word' id='word_1_52' title='bbox 1137 1064 1277 1126; x_wconf 87' lang='lat' dir='ltr'>nihil</span> <span class='ocrx_word' id='word_1_53' title='bbox 1306 1063 1434 1146; x_wconf 83' lang='lat' dir='ltr'>ipse</span> <span class='ocrx_word' id='word_1_54' title='bbox 1466 1061 1670 1124; x_wconf 86' lang='lat' dir='ltr'>suturae</span> <span class='ocrx_word' id='word_1_55' title='bbox 2152 1063 2241 1120; x_wconf 81' lang='grc'>’75</span> 
     </span>
    </p>

    <p class='ocr_par' dir='ltr' id='par_1_8' title="bbox 281 1163 2069 1252">
     <span class='ocr_line' id='line_1_9' title="bbox 281 1163 2069 1252; baseline -0.001 -22"><span class='ocrx_word' id='word_1_56' title='bbox 281 1167 511 1231; x_wconf 85' lang='lat' dir='ltr'>Laudis</span> <span class='ocrx_word' id='word_1_57' title='bbox 541 1189 701 1252; x_wconf 84' lang='lat' dir='ltr'>agas.</span> <span class='ocrx_word' id='word_1_58' title='bbox 790 1168 1080 1233; x_wconf 86' lang='lat' dir='ltr'>Miserum</span> <span class='ocrx_word' id='word_1_59' title='bbox 1109 1183 1200 1234; x_wconf 87' lang='lat' dir='ltr'>est</span> <span class='ocrx_word' id='word_1_60' title='bbox 1230 1169 1473 1232; x_wconf 85' lang='lat' dir='ltr'>aliorum</span> <span class='ocrx_word' id='word_1_61' title='bbox 1502 1167 1847 1229; x_wconf 87' lang='lat' dir='ltr'>incumbere</span> <span class='ocrx_word' id='word_1_62' title='bbox 1876 1163 2069 1240; x_wconf 81' lang='lat' dir='ltr'>samae,</span> 
     </span>
    </p>

    <p class='ocr_par' dir='ltr' id='par_1_9' title="bbox 283 1271 1730 1357">
     <span class='ocr_line' id='line_1_10' title="bbox 283 1271 1730 1357; baseline -0.001 -23"><span class='ocrx_word' id='word_1_63' title='bbox 283 1272 347 1334; x_wconf 95' lang='lat' dir='ltr'>N</span> <span class='ocrx_word' id='word_1_64' title='bbox 350 1295 382 1336; x_wconf 90' lang='lat' dir='ltr'>e</span> <span class='ocrx_word' id='word_1_65' title='bbox 413 1274 670 1357; x_wconf 84' lang='lat' dir='ltr'>collapsa</span> <span class='ocrx_word' id='word_1_66' title='bbox 701 1288 874 1338; x_wconf 86' lang='lat' dir='ltr'>ruant</span> <span class='ocrx_word' id='word_1_67' title='bbox 900 1273 1207 1338; x_wconf 86' lang='lat' dir='ltr'>subductis</span> <span class='ocrx_word' id='word_1_68' title='bbox 1234 1287 1391 1336; x_wconf 82' lang='lat' dir='ltr'>tecta</span> <span class='ocrx_word' id='word_1_69' title='bbox 1418 1271 1730 1336; x_wconf 89' lang='lat' dir='ltr'>columnis.</span> 
     </span>
    </p>

    <p class='ocr_par' dir='ltr' id='par_1_10' title="bbox 285 1376 1769 1461">
     <span class='ocr_line' id='line_1_11' title="bbox 285 1376 1769 1461; baseline -0.002 -22"><span class='ocrx_word' id='word_1_70' title='bbox 285 1378 516 1440; x_wconf 86' lang='lat' dir='ltr'>Stratus</span> <span class='ocrx_word' id='word_1_71' title='bbox 545 1379 704 1440; x_wconf 86' lang='lat' dir='ltr'>humi</span> <span class='ocrx_word' id='word_1_72' title='bbox 741 1380 966 1461; x_wconf 83' lang='lat' dir='ltr'>palmes</span> <span class='ocrx_word' id='word_1_73' title='bbox 993 1378 1202 1440; x_wconf 86' lang='lat' dir='ltr'>viduas</span> <span class='ocrx_word' id='word_1_74' title='bbox 1232 1377 1531 1439; x_wconf 85' lang='lat' dir='ltr'>desiderat</span> <span class='ocrx_word' id='word_1_75' title='bbox 1560 1376 1769 1438; x_wconf 87' lang='lat' dir='ltr'>ulmos.</span> 
     </span>
    </p>

    <p class='ocr_par' dir='ltr' id='par_1_11' title="bbox 283 1472 1729 1558">
     <span class='ocr_line' id='line_1_12' title="bbox 283 1472 1729 1558; baseline -0.001 -15"><span class='ocrx_word' id='word_1_76' title='bbox 283 1472 434 1544; x_wconf 87' lang='lat' dir='ltr'>Esto</span> <span class='ocrx_word' id='word_1_77' title='bbox 465 1483 654 1546; x_wconf 87' lang='lat' dir='ltr'>bonus</span> <span class='ocrx_word' id='word_1_78' title='bbox 683 1484 871 1558; x_wconf 78' lang='lat' dir='ltr'>mileS,</span> <span class='ocrx_word' id='word_1_79' title='bbox 902 1495 1056 1544; x_wconf 87' lang='lat' dir='ltr'>tutor</span> <span class='ocrx_word' id='word_1_80' title='bbox 1084 1482 1295 1556; x_wconf 83' lang='lat' dir='ltr'>bonus,</span> <span class='ocrx_word' id='word_1_81' title='bbox 1326 1480 1539 1542; x_wconf 79' lang='lat' dir='ltr'>arbiter</span> <span class='ocrx_word' id='word_1_82' title='bbox 1566 1479 1729 1542; x_wconf 90' lang='lat' dir='ltr'>idem</span> 
     </span>
    </p>

    <p class='ocr_par' dir='ltr' id='par_1_12' title="bbox 281 1584 2242 1670">
     <span class='ocr_line' id='line_1_13' title="bbox 281 1584 2242 1670; baseline -0.001 -20"><span class='ocrx_word' id='word_1_83' title='bbox 281 1587 538 1670; x_wconf 76' lang='lat' dir='ltr'>Integer.</span> <span class='ocrx_word' id='word_1_84' title='bbox 629 1588 940 1670; x_wconf 66' lang='lat' dir='ltr'>Ambiguae</span> <span class='ocrx_word' id='word_1_85' title='bbox 965 1587 1012 1648; x_wconf 89' lang='lat' dir='ltr'>si</span> <span class='ocrx_word' id='word_1_86' title='bbox 1043 1584 1279 1668; x_wconf 86' lang='lat' dir='ltr'>quando</span> <span class='ocrx_word' id='word_1_87' title='bbox 1309 1584 1567 1648; x_wconf 86' lang='lat' dir='ltr'>citabere</span> <span class='ocrx_word' id='word_1_88' title='bbox 1596 1584 1759 1648; x_wconf 89' lang='lat' dir='ltr'>testis</span> <span class='ocrx_word' id='word_1_89' title='bbox 2152 1589 2242 1648; x_wconf 83' lang='lat'>80</span> 
     </span>
    </p>

    <p class='ocr_par' dir='ltr' id='par_1_13' title="bbox 280 1689 1787 1775">
     <span class='ocr_line' id='line_1_14' title="bbox 280 1689 1787 1775; baseline -0.001 -21"><span class='ocrx_word' id='word_1_90' title='bbox 280 1691 646 1775; x_wconf 82' lang='lat' dir='ltr'>Incertaeque</span> <span class='ocrx_word' id='word_1_91' title='bbox 677 1691 762 1754; x_wconf 88' lang='lat' dir='ltr'>rei</span> <span class='ocrx_word' id='word_1_92' title='bbox 787 1714 806 1770; x_wconf 83' lang='lat'><em>3</em></span> <span class='ocrx_word' id='word_1_93' title='bbox 849 1690 1120 1754; x_wconf 81' lang='lat' dir='ltr'>Phalaris</span> <span class='ocrx_word' id='word_1_94' title='bbox 1147 1690 1288 1754; x_wconf 73' lang='lat' dir='ltr'>licet</span> <span class='ocrx_word' id='word_1_95' title='bbox 1312 1691 1587 1773; x_wconf 86' lang='lat' dir='ltr'>imperet,</span> <span class='ocrx_word' id='word_1_96' title='bbox 1617 1702 1681 1751; x_wconf 92' lang='lat' dir='ltr'>ut</span> <span class='ocrx_word' id='word_1_97' title='bbox 1708 1689 1787 1752; x_wconf 87' lang='lat' dir='ltr'>sis</span> 
     </span>
    </p>

    <p class='ocr_par' dir='ltr' id='par_1_14' title="bbox 288 1795 1662 1888">
     <span class='ocr_line' id='line_1_15' title="bbox 288 1795 1662 1888; baseline 0.001 -30"><span class='ocrx_word' id='word_1_98' title='bbox 288 1795 522 1872; x_wconf 80' lang='lat' dir='ltr'>FalsuS,</span> <span class='ocrx_word' id='word_1_99' title='bbox 556 1811 616 1858; x_wconf 89' lang='lat' dir='ltr'>et</span> <span class='ocrx_word' id='word_1_100' title='bbox 644 1797 884 1860; x_wconf 87' lang='lat' dir='ltr'>admoto</span> <span class='ocrx_word' id='word_1_101' title='bbox 915 1797 1096 1860; x_wconf 89' lang='lat' dir='ltr'>dictet</span> <span class='ocrx_word' id='word_1_102' title='bbox 1125 1797 1377 1882; x_wconf 85' lang='lat' dir='ltr'>perjuria</span> <span class='ocrx_word' id='word_1_103' title='bbox 1407 1811 1595 1874; x_wconf 85' lang='lat' dir='ltr'>tauro,</span> <span class='ocrx_word' id='word_1_104' title='bbox 1657 1883 1662 1888; x_wconf 21' lang='lat'>⁸</span> 
     </span>
    </p>

    <p class='ocr_par' dir='ltr' id='par_1_15' title="bbox 289 1901 1862 1987">
     <span class='ocr_line' id='line_1_16' title="bbox 289 1901 1862 1987; baseline -0.001 -23"><span class='ocrx_word' id='word_1_105' title='bbox 289 1901 608 1966; x_wconf 88' lang='lat' dir='ltr'>Summum</span> <span class='ocrx_word' id='word_1_106' title='bbox 637 1901 820 1967; x_wconf 86' lang='lat' dir='ltr'>crede</span> <span class='ocrx_word' id='word_1_107' title='bbox 847 1902 1014 1967; x_wconf 82' lang='lat' dir='ltr'>nefas</span> <span class='ocrx_word' id='word_1_108' title='bbox 1045 1903 1303 1967; x_wconf 86' lang='lat' dir='ltr'>animam</span> <span class='ocrx_word' id='word_1_109' title='bbox 1330 1901 1605 1987; x_wconf 84' lang='lat' dir='ltr'>praeserre</span> <span class='ocrx_word' id='word_1_110' title='bbox 1634 1901 1862 1987; x_wconf 86' lang='lat' dir='ltr'>pudori,</span> 
     </span>
    </p>

    <p class='ocr_par' dir='ltr' id='par_1_16' title="bbox 283 1992 1651 2091">
     <span class='ocr_line' id='line_1_17' title="bbox 283 1992 1651 2091; baseline -0.001 -21"><span class='ocrx_word' id='word_1_111' title='bbox 283 1992 371 2071; x_wconf 81' lang='lat' dir='ltr'>Et</span> <span class='ocrx_word' id='word_1_112' title='bbox 400 2023 636 2091; x_wconf 87' lang='lat' dir='ltr'>propter</span> <span class='ocrx_word' id='word_1_113' title='bbox 664 2009 843 2071; x_wconf 85' lang='lat' dir='ltr'>vitam</span> <span class='ocrx_word' id='word_1_114' title='bbox 871 2009 1106 2071; x_wconf 85' lang='lat' dir='ltr'>vivendi</span> <span class='ocrx_word' id='word_1_115' title='bbox 1135 2010 1391 2091; x_wconf 87' lang='lat' dir='ltr'>perdere</span> <span class='ocrx_word' id='word_1_116' title='bbox 1421 2030 1651 2072; x_wconf 87' lang='lat' dir='ltr'>causas.</span> 
     </span>
    </p>

    <p class='ocr_par' dir='ltr' id='par_1_17' title="bbox 287 2112 2239 2197">
     <span class='ocr_line' id='line_1_18' title="bbox 287 2112 2239 2197; baseline 0 -22"><span class='ocrx_word' id='word_1_117' title='bbox 287 2112 520 2195; x_wconf 83' lang='lat' dir='ltr'>Dignus</span> <span class='ocrx_word' id='word_1_118' title='bbox 549 2127 736 2176; x_wconf 85' lang='lat' dir='ltr'>morte</span> <span class='ocrx_word' id='word_1_119' title='bbox 768 2114 936 2197; x_wconf 90' lang='lat' dir='ltr'>perit,</span> <span class='ocrx_word' id='word_1_120' title='bbox 967 2126 1166 2175; x_wconf 84' lang='lat' dir='ltr'>coenet</span> <span class='ocrx_word' id='word_1_121' title='bbox 1193 2113 1335 2176; x_wconf 76' lang='lat' dir='ltr'>lieet</span> <span class='ocrx_word' id='word_1_122' title='bbox 1362 2125 1557 2175; x_wconf 86' lang='lat' dir='ltr'>ostrea</span> <span class='ocrx_word' id='word_1_123' title='bbox 1584 2124 1825 2174; x_wconf 87' lang='lat' dir='ltr'>centum</span> <span class='ocrx_word' id='word_1_124' title='bbox 2148 2116 2239 2175; x_wconf 79' lang='lat'>85</span> 
     </span>
    </p>

    <p class='ocr_par' dir='ltr' id='par_1_18' title="bbox 291 2216 1601 2301">
     <span class='ocr_line' id='line_1_19' title="bbox 291 2216 1601 2301; baseline -0.001 -22"><span class='ocrx_word' id='word_1_125' title='bbox 291 2216 591 2293; x_wconf 83' lang='lat' dir='ltr'>Gaurana,</span> <span class='ocrx_word' id='word_1_126' title='bbox 623 2231 682 2280; x_wconf 89' lang='lat' dir='ltr'>et</span> <span class='ocrx_word' id='word_1_127' title='bbox 712 2217 922 2281; x_wconf 89' lang='lat' dir='ltr'>Cosmi</span> <span class='ocrx_word' id='word_1_128' title='bbox 951 2232 1072 2281; x_wconf 91' lang='lat' dir='ltr'>toto</span> <span class='ocrx_word' id='word_1_129' title='bbox 1099 2230 1399 2301; x_wconf 85' lang='lat' dir='ltr'>mergatur</span> <span class='ocrx_word' id='word_1_130' title='bbox 1428 2220 1601 2280; x_wconf 69' lang='lat' dir='ltr'>aene.</span> 
     </span>
    </p>

    <p class='ocr_par' dir='ltr' id='par_1_19' title="bbox 231 2318 1691 2407">
     <span class='ocr_line' id='line_1_20' title="bbox 231 2318 1691 2407; baseline 0 -20"><span class='ocrx_word' id='word_1_131' title='bbox 231 2379 235 2387; x_wconf 85' lang='lat'><em>.</em></span> <span class='ocrx_word' id='word_1_132' title='bbox 285 2318 659 2407; x_wconf 81' lang='lat' dir='ltr'>Exspectata</span> <span class='ocrx_word' id='word_1_133' title='bbox 690 2323 788 2386; x_wconf 87' lang='lat' dir='ltr'>diu</span> <span class='ocrx_word' id='word_1_134' title='bbox 819 2324 1389 2407; x_wconf 62' lang='lat' dir='ltr'>tandem‘provincia</span> <span class='ocrx_word' id='word_1_135' title='bbox 1418 2344 1601 2407; x_wconf 89' lang='lat' dir='ltr'>quum</span> <span class='ocrx_word' id='word_1_136' title='bbox 1628 2338 1691 2387; x_wconf 90' lang='lat' dir='ltr'>te</span> 
     </span>
    </p>

    <p class='ocr_par' dir='ltr' id='par_1_20' title="bbox 288 2426 1858 2513">
     <span class='ocr_line' id='line_1_21' title="bbox 288 2426 1858 2513; baseline 0 -22"><span class='ocrx_word' id='word_1_137' title='bbox 288 2426 616 2491; x_wconf 88' lang='lat' dir='ltr'>Rectorem</span> <span class='ocrx_word' id='word_1_138' title='bbox 648 2429 918 2513; x_wconf 84' lang='lat' dir='ltr'>accipiet,</span> <span class='ocrx_word' id='word_1_139' title='bbox 949 2446 1104 2512; x_wconf 88' lang='lat' dir='ltr'>pone</span> <span class='ocrx_word' id='word_1_140' title='bbox 1135 2430 1233 2491; x_wconf 84' lang='lat' dir='ltr'>irae</span> <span class='ocrx_word' id='word_1_141' title='bbox 1265 2428 1443 2491; x_wconf 85' lang='lat' dir='ltr'>sraena</span> <span class='ocrx_word' id='word_1_142' title='bbox 1472 2430 1858 2512; x_wconf 89' lang='lat' dir='ltr'>modumque,</span> 
     </span>
    </p>

    <p class='ocr_par' dir='ltr' id='par_1_21' title="bbox 287 2532 1835 2615">
     <span class='ocr_line' id='line_1_22' title="bbox 287 2532 1835 2615; baseline -0.001 -21"><span class='ocrx_word' id='word_1_143' title='bbox 287 2532 459 2595; x_wconf 90' lang='lat' dir='ltr'>Pone</span> <span class='ocrx_word' id='word_1_144' title='bbox 489 2548 551 2595; x_wconf 89' lang='lat' dir='ltr'>et</span> <span class='ocrx_word' id='word_1_145' title='bbox 579 2534 827 2595; x_wconf 78' lang='lat' dir='ltr'>avaritiae</span> <span class='ocrx_word' id='word_1_146' title='bbox 854 2556 872 2610; x_wconf 84' lang='lat'><em>3</em></span> <span class='ocrx_word' id='word_1_147' title='bbox 918 2534 1198 2595; x_wconf 71' lang='lat' dir='ltr'>miserere</span> <span class='ocrx_word' id='word_1_148' title='bbox 1230 2535 1472 2615; x_wconf 87' lang='lat' dir='ltr'>inopum</span> <span class='ocrx_word' id='word_1_149' title='bbox 1502 2534 1835 2595; x_wconf 75' lang='lat' dir='ltr'>sociorum.‘</span> 
     </span>
    </p>

    <p class='ocr_par' dir='ltr' id='par_1_22' title="bbox 289 2636 2238 2719">
     <span class='ocr_line' id='line_1_23' title="bbox 289 2636 2238 2719; baseline 0.001 -20"><span class='ocrx_word' id='word_1_150' title='bbox 289 2636 448 2699; x_wconf 86' lang='lat' dir='ltr'>Ossa</span> <span class='ocrx_word' id='word_1_151' title='bbox 474 2638 642 2699; x_wconf 87' lang='lat' dir='ltr'>vides</span> <span class='ocrx_word' id='word_1_152' title='bbox 669 2658 877 2719; x_wconf 86' lang='lat' dir='ltr'>regum</span> <span class='ocrx_word' id='word_1_153' title='bbox 910 2637 1110 2699; x_wconf 84' lang='lat' dir='ltr'>vacuis</span> <span class='ocrx_word' id='word_1_154' title='bbox 1141 2650 1389 2707; x_wconf 83' lang='lat' dir='ltr'>exsucta</span> <span class='ocrx_word' id='word_1_155' title='bbox 1419 2637 1712 2700; x_wconf 85' lang='lat' dir='ltr'>medullis.</span> <span class='ocrx_word' id='word_1_156' title='bbox 2150 2644 2238 2703; x_wconf 87' lang='lat'>90</span> 
     </span>
    </p>

    <p class='ocr_par' dir='ltr' id='par_1_23' title="bbox 285 2741 1920 2825">
     <span class='ocr_line' id='line_1_24' title="bbox 285 2741 1920 2825; baseline 0 -20"><span class='ocrx_word' id='word_1_157' title='bbox 285 2742 574 2825; x_wconf 87' lang='lat' dir='ltr'>Respice,</span> <span class='ocrx_word' id='word_1_158' title='bbox 606 2741 742 2824; x_wconf 85' lang='lat' dir='ltr'>quid</span> <span class='ocrx_word' id='word_1_159' title='bbox 778 2755 1056 2805; x_wconf 87' lang='lat' dir='ltr'>moneant</span> <span class='ocrx_word' id='word_1_160' title='bbox 1081 2741 1265 2823; x_wconf 75' lang='lat' dir='ltr'>legeS,</span> <span class='ocrx_word' id='word_1_161' title='bbox 1298 2741 1439 2825; x_wconf 87' lang='lat' dir='ltr'>quid</span> <span class='ocrx_word' id='word_1_162' title='bbox 1466 2742 1629 2804; x_wconf 89' lang='lat' dir='ltr'>curia</span> <span class='ocrx_word' id='word_1_163' title='bbox 1657 2743 1920 2819; x_wconf 82' lang='lat' dir='ltr'>mandet,</span> 
     </span>
    </p>

    <p class='ocr_par' dir='ltr' id='par_1_24' title="bbox 287 2830 1989 2932">
     <span class='ocr_line' id='line_1_25' title="bbox 287 2830 1989 2932; baseline 0.002 -23"><span class='ocrx_word' id='word_1_164' title='bbox 287 2846 545 2911; x_wconf 85' lang='lat' dir='ltr'>Praemia</span> <span class='ocrx_word' id='word_1_165' title='bbox 575 2860 791 2929; x_wconf 89' lang='lat' dir='ltr'>quanta</span> <span class='ocrx_word' id='word_1_166' title='bbox 819 2848 1004 2911; x_wconf 86' lang='lat' dir='ltr'>bonos</span> <span class='ocrx_word' id='word_1_167' title='bbox 1035 2861 1327 2923; x_wconf 80' lang='lat' dir='ltr'>maneant,</span> <span class='ocrx_word' id='word_1_168' title='bbox 1360 2830 1537 2931; x_wconf 62' lang='lat' dir='ltr'>quam</span> <span class='ocrx_word' id='word_1_169' title='bbox 1567 2846 1808 2910; x_wconf 89' lang='lat' dir='ltr'>fulmine</span> <span class='ocrx_word' id='word_1_170' title='bbox 1826 2848 1989 2932; x_wconf 88' lang='lat' dir='ltr'>justo</span> 
     </span>
    </p>

    <p class='ocr_par' dir='ltr' id='par_1_25' title="bbox 288 2952 1885 3036">
     <span class='ocr_line' id='line_1_26' title="bbox 288 2952 1885 3036; baseline 0.001 -21"><span class='ocrx_word' id='word_1_171' title='bbox 288 2952 371 3015; x_wconf 87' lang='lat' dir='ltr'>Et</span> <span class='ocrx_word' id='word_1_172' title='bbox 402 2952 618 3036; x_wconf 83' lang='lat' dir='ltr'>Capito</span> <span class='ocrx_word' id='word_1_173' title='bbox 650 2967 708 3015; x_wconf 87' lang='lat' dir='ltr'>et</span> <span class='ocrx_word' id='word_1_174' title='bbox 737 2952 1014 3015; x_wconf 84' lang='lat' dir='ltr'>Numitor</span> <span class='ocrx_word' id='word_1_175' title='bbox 1043 2953 1283 3028; x_wconf 82' lang='lat' dir='ltr'>ruerint,</span> <span class='ocrx_word' id='word_1_176' title='bbox 1314 2954 1628 3015; x_wconf 81' lang='lat' dir='ltr'>damnante</span> <span class='ocrx_word' id='word_1_177' title='bbox 1658 2968 1885 3031; x_wconf 87' lang='lat' dir='ltr'>senatu,</span> 
     </span>
    </p>

    <p class='ocr_par' dir='ltr' id='par_1_26' title="bbox 290 3042 1805 3141">
     <span class='ocr_line' id='line_1_27' title="bbox 290 3042 1805 3141; baseline 0.001 -21"><span class='ocrx_word' id='word_1_178' title='bbox 290 3057 502 3120; x_wconf 83' lang='lat' dir='ltr'>Piratae</span> <span class='ocrx_word' id='word_1_179' title='bbox 535 3058 813 3120; x_wconf 89' lang='lat' dir='ltr'>Cilicum.</span> <span class='ocrx_word' id='word_1_180' title='bbox 859 3058 1032 3128; x_wconf 62' lang='lat' dir='ltr'>„Sed</span> <span class='ocrx_word' id='word_1_181' title='bbox 1061 3059 1198 3141; x_wconf 87' lang='lat' dir='ltr'>quid</span> <span class='ocrx_word' id='word_1_182' title='bbox 1234 3060 1530 3121; x_wconf 85' lang='lat' dir='ltr'>damnatio</span> <span class='ocrx_word' id='word_1_183' title='bbox 1558 3042 1805 3135; x_wconf 81' lang='lat' dir='ltr'>confert,</span> 
     </span>
    </p>

    <p class='ocr_par' dir='ltr' id='par_1_27' title="bbox 291 3160 2233 3247">
     <span class='ocr_line' id='line_1_28' title="bbox 291 3160 2233 3247; baseline 0.001 -23"><span class='ocrx_word' id='word_1_184' title='bbox 291 3160 501 3236; x_wconf 79' lang='lat' dir='ltr'>Quum</span> <span class='ocrx_word' id='word_1_185' title='bbox 530 3161 729 3225; x_wconf 87' lang='lat' dir='ltr'>Pansa</span> <span class='ocrx_word' id='word_1_186' title='bbox 760 3163 986 3245; x_wconf 82' lang='lat' dir='ltr'>eripiat,</span> <span class='ocrx_word' id='word_1_187' title='bbox 1019 3163 1303 3246; x_wconf 87' lang='lat' dir='ltr'>quidquid</span> <span class='ocrx_word' id='word_1_188' title='bbox 1332 3164 1434 3225; x_wconf 89' lang='lat' dir='ltr'>tibi</span> <span class='ocrx_word' id='word_1_189' title='bbox 1464 3164 1647 3233; x_wconf 82' lang='lat' dir='ltr'>Natta</span> <span class='ocrx_word' id='word_1_190' title='bbox 1674 3164 1951 3247; x_wconf 84' lang='lat' dir='ltr'>reliquit?</span> <span class='ocrx_word' id='word_1_191' title='bbox 2152 3173 2233 3231; x_wconf 84' lang='lat'>95</span> 
     </span>
    </p>

    <p class='ocr_par' dir='ltr' id='par_1_28' title="bbox 289 3266 1863 3351">
     <span class='ocr_line' id='line_1_29' title="bbox 289 3266 1863 3351; baseline 0 -19"><span class='ocrx_word' id='word_1_192' title='bbox 289 3268 664 3343; x_wconf 89' lang='lat' dir='ltr'>Praeconem,</span> <span class='ocrx_word' id='word_1_193' title='bbox 695 3266 1044 3350; x_wconf 85' lang='lat' dir='ltr'>Chaerippe,</span> <span class='ocrx_word' id='word_1_194' title='bbox 1075 3268 1188 3329; x_wconf 86' lang='lat' dir='ltr'>tuis</span> <span class='ocrx_word' id='word_1_195' title='bbox 1218 3268 1606 3348; x_wconf 85' lang='lat' dir='ltr'>circumspice</span> <span class='ocrx_word' id='word_1_196' title='bbox 1638 3271 1863 3351; x_wconf 87' lang='lat' dir='ltr'>pannis,</span> 
     </span>
    </p>

    <p class='ocr_par' dir='ltr' id='par_1_29' title="bbox 289 3370 2122 3456">
     <span class='ocr_line' id='line_1_30' title="bbox 289 3370 2122 3456; baseline 0.005 -24"><span class='ocrx_word' id='word_1_197' title='bbox 289 3371 545 3455; x_wconf 90' lang='lat' dir='ltr'>Jamque</span> <span class='ocrx_word' id='word_1_198' title='bbox 575 3386 728 3437; x_wconf 87' lang='lat' dir='ltr'>tace.</span> <span class='ocrx_word' id='word_1_199' title='bbox 821 3370 1014 3433; x_wconf 87' lang='lat' dir='ltr'>Furor</span> <span class='ocrx_word' id='word_1_200' title='bbox 1045 3386 1153 3448; x_wconf 86' lang='lat' dir='ltr'>est,</span> <span class='ocrx_word' id='word_1_201' title='bbox 1185 3386 1319 3454; x_wconf 91' lang='lat' dir='ltr'>post</span> <span class='ocrx_word' id='word_1_202' title='bbox 1347 3374 1545 3433; x_wconf 88' lang='lat' dir='ltr'>omnia</span> <span class='ocrx_word' id='word_1_203' title='bbox 1574 3374 1826 3456; x_wconf 86' lang='lat' dir='ltr'>perdere</span> <span class='ocrx_word' id='word_1_204' title='bbox 1854 3378 2122 3447; x_wconf 82' lang='lat' dir='ltr'>naulum.</span> 
     </span>
    </p>

    <p class='ocr_par' dir='ltr' id='par_1_30' title="bbox 297 3475 1855 3565">
     <span class='ocr_line' id='line_1_31' title="bbox 297 3475 1855 3565; baseline 0.002 -26"><span class='ocrx_word' id='word_1_205' title='bbox 297 3475 437 3540; x_wconf 91' lang='lat' dir='ltr'>Non</span> <span class='ocrx_word' id='word_1_206' title='bbox 467 3477 629 3539; x_wconf 89' lang='lat' dir='ltr'>idem</span> <span class='ocrx_word' id='word_1_207' title='bbox 661 3477 912 3560; x_wconf 81' lang='lat' dir='ltr'>gemitus</span> <span class='ocrx_word' id='word_1_208' title='bbox 941 3476 1102 3552; x_wconf 90' lang='lat' dir='ltr'>olim,</span> <span class='ocrx_word' id='word_1_209' title='bbox 1131 3496 1327 3565; x_wconf 86' lang='lat' dir='ltr'>neque</span> <span class='ocrx_word' id='word_1_210' title='bbox 1358 3476 1566 3545; x_wconf 84' lang='lat' dir='ltr'>vulnus</span> <span class='ocrx_word' id='word_1_211' title='bbox 1594 3491 1721 3542; x_wconf 85' lang='lat' dir='ltr'>erat</span> <span class='ocrx_word' id='word_1_212' title='bbox 1748 3500 1855 3562; x_wconf 82' lang='lat' dir='ltr'>par</span> 
     </span>
    </p>
   </div>
   <div class='ocr_carea' id='block_1_3' title="bbox 2375 1 2385 3420">
    <p class='ocr_par' dir='ltr' id='par_1_31' title="bbox 2375 1 2385 3420">
     <span class='ocr_line' id='line_1_32' title="bbox 2375 1 2385 3420; baseline 0 0"><span class='ocrx_word' id='word_1_213' title='bbox 2375 1 2385 3420; x_wconf 95' lang='lat' dir='ltr'> </span> 
     </span>
    </p>
   </div>
  </div>
 </body>
</html>
