2411 3890
230 288 351 349 116
841 272 909 323 D.
940 270 1131 323 JUNH
1160 266 1548 321 JUVENALIS

226 430 370 497 Hoc
400 438 719 493 monstrant
748 422 953 485 vetulae
984 420 1183 503 pueris
1214 417 1555 499 repentibus
1583 431 1736 477 assae
1765 432 1782 471 ε

226 535 369 601 Hoc
398 535 629 597 discunt
656 546 865 589 omnes
894 538 1029 587 ante
1060 522 1237 605 alpha
1266 534 1324 582 et
1354 522 1492 583 beta
1519 518 1750 603 puellae.

226 640 473 704 Talibus
504 638 811 697 instantem
842 628 1073 693 monitis
1102 646 1522 709 quemcunque
1553 634 1862 707 parentem
2057 616 2190 679 210

230 746 333 811 Sic
364 762 603 827 possem
634 736 839 800 affari:
882 734 1025 809 Dic,
1056 754 1095 795 ο
1124 730 1460 805 vanissime,
1493 729 1620 812 quis
1650 741 1710 790 te

227 848 537 913 Festinare
556 841 775 930 jubet?
823 839 1131 903 meliorem
1162 848 1374 919 praesto
1404 834 1682 917 magistro

226 954 603 1038 Discipulum
632 972 649 1011 ε
695 968 940 1011 securus
970 944 1101 1007 abi:
1146 940 1418 1016 vinceris,
1453 953 1515 1002 ut
1543 937 1704 1023 Ajax

225 1060 517 1126 Praeteriit
542 1056 963 1126 Telamonem,
994 1062 1059 1111 ut
1085 1046 1279 1109 Pelea
1299 1046 1437 1108 vicit
1463 1044 1748 1107 Achilles.

226 1164 609 1232 Parcendum
638 1157 893 1223 teneris:
942 1153 1208 1217 nondum
1237 1149 1558 1233 implevere
1589 1148 1880 1211 medullas
2052 1146 2184 1207 215

225 1272 476 1337 Maturae
508 1266 667 1331 mala
692 1261 985 1347 nequitiae.
1076 1258 1286 1332 Quum
1317 1271 1558 1340 pectere
1589 1255 1832 1317 barbam

226 1377 519 1461 Coeperit,
550 1385 611 1433 et
636 1368 794 1450 longi
823 1384 1171 1429 mucronem
1202 1361 1512 1423 admittere
1543 1359 1734 1434 cultri,

222 1480 439 1545 Falsus
466 1476 575 1539 erit
602 1471 782 1545 testis,
812 1468 1031 1530 vendet
1059 1464 1314 1548 perjuria
1343 1463 1578 1527 summa

224 1582 489 1665 Exigua,
520 1576 765 1641 Cereris
793 1560 1037 1653 tangens
1068 1590 1350 1652 aramque
1382 1570 1744 1652 pedemque.

225 1691 461 1754 Elatum
483 1683 611 1768 jam
642 1678 823 1743 crede
854 1696 1089 1750 nurum,
1118 1674 1167 1737 si
1196 1674 1393 1736 limina
1423 1687 1616 1736 vestra
2047 1674 2184 1734 220

224 1788 534 1859 Mortifera
560 1807 699 1850 cum
730 1784 870 1847 dote
900 1779 1073 1844 subit.
1163 1778 1400 1851 Quibus
1429 1779 1526 1839 illa
1555 1790 1854 1861 premetur

222 1899 347 1965 Per
376 1914 649 1962 somnum
677 1888 907 1975 digitis!
954 1904 1093 1948 nam
1124 1905 1252 1968 quae
1283 1882 1554 1968 terraque
1587 1882 1851 1965 marique

224 2001 607 2089 Acquirenda
636 2010 825 2080 putas,
857 1992 1087 2057 brevior
1115 1991 1210 2052 via
1239 1988 1508 2052 conferet
1535 1988 1614 2050 illi
1643 2010 1659 2048 z

222 2111 440 2177 Nullus
469 2105 628 2168 enim
657 2100 855 2181 magni
882 2096 1125 2160 sceleris
1153 2095 1339 2156 labor.
1431 2091 1584 2154 Haec
1615 2113 1728 2174 ego
1757 2111 2060 2174 nunquam

218 2209 526 2285 Mandavi‚
560 2207 723 2268 dices
751 2201 913 2276 olim,
944 2220 1057 2262 nec
1084 2197 1224 2261 talia
1251 2197 1427 2259 suasi.
1559 2237 1566 2240 -
2046 2199 2176 2260 225

220 2317 441 2383 Mentis
468 2332 651 2376 causa
678 2307 847 2372 malae
878 2319 1075 2368 tamen
1104 2315 1215 2378 est,
1245 2316 1305 2364 et
1331 2303 1496 2385 origo
1531 2322 1716 2386 penes
1745 2317 1826 2364 te.

220 2423 383 2488 Nam
416 2416 675 2503 quisquis
706 2411 900 2495 magni
930 2407 1147 2474 census
1176 2408 1456 2490 praecepit
1485 2427 1772 2482 amorem,

219 2525 306 2590 Et
330 2525 478 2586 laevo
508 2518 731 2580 monitu
760 2534 974 2596 pueros
1002 2512 1276 2594 producit
1303 2533 1525 2585 avaros,

219 2629 307 2694 Et
334 2627 433 2711 qui
461 2645 569 2707 per
598 2619 835 2681 fraudes
863 2615 1210 2698 patrimonia
1237 2614 1657 2698 conduplicare

220 2733 349 2798 Dat
375 2730 725 2800 libertatem,
756 2735 817 2784 et
844 2733 993 2784 totas
1023 2719 1269 2782 effundit
1299 2719 1558 2783 habenas
2045 2723 2182 2783 230

218 2835 572 2903 Curriculoz
616 2849 793 2914 quem
824 2827 871 2890 si
900 2845 1167 2900 revoceS‚
1191 2825 1505 2888 subsistere
1535 2825 1742 2900 nescit,

222 2941 309 3007 Et
335 2956 393 3005 te
424 2948 765 3019 contempto
794 2931 1013 3016 rapitur
1042 2930 1332 3014 metisque
1363 2921 1613 2994 relictis'

222 3047 427 3112 Nemo
454 3041 593 3106 satis
620 3039 811 3103 credit
835 3022 1062 3099 tantufh
1092 3035 1456 3118 delinquere,
1489 3036 1770 3119 quantum

218 3147 580 3216 Permittas:
624 3143 777 3206 adei)
806 3141 1109 3224 indulgent
1134 3140 1245 3202 sibi
1276 3140 1444 3202 latius
1473 3127 1640 3222 ipsif,

219 3255 430 3330 Quum
458 3248 607 3312 dicis
624 3245 851 3331 juveni,
882 3245 1141 3318 stultum,
1174 3244 1272 3326 qui
1304 3244 1484 3328 donet
1511 3243 1724 3322 amici),
2041 3251 2174 3310 235

216 3361 347 3434 Qui
377 3363 785 3443 paupertatem
811 3350 971 3413 levet
998 3350 1334 3432 attollatque
1365 3349 1676 3432 propinqui
1699 3373 1721 3430 3-

218 3464 307 3530 Et
332 3461 584 3548 spoliare
614 3457 821 3532 doceS,
850 3465 912 3518 et
936 3453 1445 3529 circumscribere,
1477 3467 1538 3516 et
1565 3455 1724 3519 omni
