2411 3890
288 238 371 307 33
916 234 983 281 n.
1016 232 1208 283 surm
1239 230 1618 283 summus

1018 486 1349 551 SATIRA
1391 488 1507 553 XI.

283 700 579 759 A'r'mcus
612 698 831 759 eximie
862 699 908 763 si
938 713 1157 775 coenat,
1187 698 1379 762 lautus
1407 700 1654 763 habetur
1681 722 1701 778 3

290 802 353 864 Si
386 802 641 878 Rutilus,
672 803 942 867 demens.
1031 801 1197 875 Quid
1231 804 1390 865 enim
1421 803 1643 887 majore
1673 802 1962 866 cachinno

286 906 601 991 Excipitur
628 909 803 990 vulgi,
836 909 1013 991 quarn
1044 930 1270 992 pauper
1299 907 1591 991 Apicius?
1679 907 1893 971 Omnis

286 1012 630 1089 ConvictuS,
661 1015 926 1089 thermae,
958 1014 1254 1088 stationeS‚
1285 1034 1462 1075 omne
1493 1014 1786 1075 theatrum

285 1114 644 1181 De‘Rutito.
732 1117 896 1180 Nam
922 1119 1063 1180 dum
1095 1116 1289 1179 valida
1319 1138 1390 1179 ac
1410 1116 1694 1200 juvenilia
1721 1116 1986 1179 membra

292 1222 605 1285 Sufficiunt
632 1222 838 1305 galeae,
871 1223 1133 1305 dumque
1164 1222 1372 1283 ardent
1401 1222 1702 1303 sanguine,
1733 1218 1936 1295 fertur,

286 1329 425 1391 Non
458 1342 707 1409 cogente
740 1327 1000 1409 quidem,
1032 1328 1139 1389 sed
1170 1349 1285 1389 nec
1313 1326 1660 1409 prohibente
1690 1325 1940 1401 tribuno,

288 1432 624 1514 Scripturus
652 1431 816 1512 leges
845 1444 905 1492 et
932 1430 1093 1511 regia
1123 1432 1306 1492 verba
1335 1430 1577 1491 lanistae.

287 1536 510 1597 Multos
542 1533 715 1617 porro
745 1534 930 1609 videS‚
963 1555 1111 1615 quos
1138 1534 1296 1617 saepe
1328 1534 1524 1595 elusus
1553 1534 1630 1596 ad
1661 1534 1853 1617 ipsum

286 1639 566 1701 Creditor
595 1640 887 1701 introitum
918 1639 1067 1701 solet
1096 1652 1446 1721 exspectare
1477 1638 1729 1713 macelli,
1793 1718 1797 1726 -

288 1742 374 1805 Et
402 1744 611 1827 quibus
639 1744 699 1805 in
728 1744 851 1805 solo
882 1744 1115 1805 vivendi
1143 1766 1328 1806 causa
1354 1744 1550 1826 palato
1580 1755 1690 1805 est.

290 1848 586 1933 Egregius
615 1862 831 1926 coenat,
862 1849 1189 1933 meliusque
1221 1848 1582 1911 miserrimus
1605 1848 1838 1923 horum,

288 1955 374 2018 Et
402 1955 520 2018 cito
545 1977 790 2019 casurus
809 1955 938 2039 jam
966 1957 1310 2041 perlucente
1341 1955 1530 2018 ruina.

287 2061 523 2124 Interea
552 2075 753 2142 gustus
784 2064 1079 2124 elementa
1106 2081 1214 2143 per
1243 2062 1442 2122 omnia
1472 2075 1758 2143 quaerunt,

290 2165 619 2248 Nunquam
650 2166 846 2226 animo
876 2165 1075 2246 pretiis
1104 2165 1465 2226 obstantibus
1491 2186 1506 2224 :
1551 2165 1790 2228 interius
1819 2166 1868 2228 si

292 2269 603 2346 Attendas,
634 2268 825 2353 magis
851 2269 949 2332 illa
967 2269 1193 2353 juvant,
1227 2289 1354 2351 quae
1387 2269 1566 2352 pluris
1597 2284 1892 2333 emuntur.

290 2373 457 2457 Ergo
487 2375 641 2436 haud
674 2375 912 2438 difficile
944 2388 1052 2451 est,
1082 2373 1402 2458 perituram
1433 2392 1735 2452 arcessere
1767 2396 2061 2438 summam

291 2477 594 2541 Lancibus
623 2480 923 2560 oppositis,
954 2481 1051 2540 vel
1080 2479 1282 2540 matris
1310 2478 1562 2560 imagine
1595 2479 1799 2555 fracta,

291 2579 375 2642 Et
405 2580 841 2663 quadringentis
870 2582 1125 2644 nummis
1154 2580 1398 2643 condire
1429 2583 1699 2664 gulosum

293 2683 349 2745 F
352 2684 509 2746 ictile
534 2706 549 2744 ε
594 2683 678 2746 sic
706 2683 947 2746 veniunt
976 2685 1051 2746 ad
1083 2685 1464 2747 miscellanea
1493 2685 1638 2748 ludi.

294 2787 509 2851 Refert
538 2809 701 2871 ergo,
734 2788 862 2872 quis
891 2790 1020 2851 haec
1052 2789 1266 2852 eadem
1297 2803 1501 2872 paret:
1549 2791 1608 2852 in
1639 2791 1845 2855 Rutilo
1875 2790 2014 2858 nam

292 2893 565 2957 Luxuria
595 2908 683 2956 est
708 2917 729 2974 3
772 2896 830 2956 in
862 2893 1137 2958 Ventidio
1164 2895 1460 2957 laudabile
1491 2917 1710 2960 nornen

296 2998 509 3075 Sumit,
542 3013 602 3061 et
632 3019 665 3062 a
694 3019 881 3062 censu
912 2998 1131 3062 samam
1159 3001 1353 3064 trahit.
1441 2999 1614 3062 Illum
1647 3022 1760 3084 ego
1778 3002 1914 3086 jure

293 3100 665 3184 Despiciam,
698 3105 796 3188 qui
825 3106 953 3180 scit,
988 3104 1204 3186 quanto
1237 3105 1534 3166 sublimior
1566 3105 1731 3168 Atlas

296 3205 593 3268 Omnibus
620 3207 679 3268 in
710 3207 908 3290 Libya
937 3209 1008 3270 sit
1034 3209 1331 3270 montibus
1353 3230 1372 3286 ;
1417 3207 1514 3269 hic
1544 3221 1743 3272 tamen
1773 3209 1936 3274 idem

295 3310 555 3394 Ignoret,
588 3311 875 3396 quantum
906 3311 1121 3374 ferrata
1150 3312 1323 3374 distet
1355 3312 1428 3372 ab
1460 3310 1600 3372 arca

300 3413 611 3478 Saeculus.
703 3414 763 3478 E
794 3416 949 3478 coelo
980 3416 1289 3480 descendit
1321 3415 1514 3476 Γνῶθι
1541 3418 1782 3490 σεαυτὸν,

2207 1122 2250 1179 5

2165 1644 2254 1701 10

2161 2174 2264 2235 15,

2161 2697 2252 2755 20

2161 3220 2250 3278 25
