2411 3890
1040 250 1290 307 uma
1315 250 1386 303 x.
2099 248 2184 315 ω

220 396 296 461 ln
324 398 523 463 vetula
549 398 759 485 scalpit
774 400 903 486 jam
933 380 1123 465 matoi-
1146 400 1325 467 simia
1346 399 1561 465 ms.
2061 396 2180 459 uu

224 502 495 569 Plurima
523 519 660 569 sunt
675 504 969 591 juvenum
994 506 1334 573 discrimino
1351 528 1372 569 ε
1413 505 1714 591 pulchrior
1739 502 1840 571 ille

228 606 395 685 Hoc,
423 624 599 695 atque
628 612 725 675 ille
754 612 913 691 ali03
956 612 1205 677 multum
1235 614 1332 677 hic
1357 612 1650 676 robustior
1676 610 1796 675 illo.

236 712 373 777 Una
400 737 611 779 senum
640 716 841 795 faciem
873 740 1015 783 cum
1042 740 1193 785 voce
1221 717 1534 783 trementia
1560 715 1834 781 membra

231 817 319 882 Et
336 819 465 904 jam
493 822 627 885 leve
656 837 855 907 caput,
884 824 1228 907 maffidique
1257 822 1498 887 infantia
1527 821 1674 887 nasi.

230 922 627 1007 Frangendus
650 928 873 991 misero
904 927 1137 1011 gingivfi„
1162 930 1334 1012 panis
1349 927 1560 991 inermi
1582 949 1598 991 τ
2059 928 2188 987 200

230 1027 447 1112 Usque
476 1031 631 1094 adef)
658 1033 851 1116 gravis
878 1034 1073 1110 uxori,
1100 1035 1392 1119 natisque,
1421 1033 1672 1117 sibique,

230 1132 325 1196 Ut
352 1137 633 1218 captatori
660 1152 897 1201 moveat
924 1138 1159 1201 fastidia
1186 1138 1412 1201 Cosso.

234 1238 301 1305 N
302 1262 383 1303 on
414 1241 630 1304 eadem
658 1243 775 1305 vini
804 1256 981 1327 atque
1011 1242 1149 1319 cibi,
1174 1256 1450 1327 torpente
1478 1241 1698 1325 palato,

237 1343 895 1412 Gaudia.-Praeterea
922 1369 1053 1432 quae
1084 1370 1244 1411 nunc
1273 1360 1550 1412 cantante
1582 1346 1874 1431 voluptas,

234 1448 335 1523 sit
356 1449 499 1513 licet
528 1451 779 1516 eximius
806 1454 1187 1531 citharoedus,
1217 1453 1360 1517 sitve
1393 1453 1705 1529 Seleucus„
2063 1457 2192 1517 205

237 1553 329 1617 Et
356 1555 567 1639 quibus
597 1557 799 1621 auratx‘i
826 1580 957 1623 mos
986 1574 1077 1623 est
1102 1558 1330 1643 fulgere
1358 1557 1643 1623 lacerna?

238 1659 408 1734 Quid
440 1660 643 1738 refert,
672 1664 871 1747 magni
896 1665 1109 1729 sedeat
1134 1664 1260 1748 qufi
1287 1678 1458 1749 parte
1485 1665 1718 1740 theatri,

240 1764 371 1838 Qui
398 1766 499 1829 vix
528 1767 857 1831 cornicines
886 1770 1167 1833 exaudiat
1196 1783 1376 1852 atque
1405 1770 1679 1832 tubarum

240 1869 638 1934 Concentus?
662 1873 945 1937 ‘clamore
972 1894 1123 1957 opus
1152 1886 1266 1950 est,
1297 1887 1362 1935 ut
1389 1874 1598 1935 sentiat
1626 1874 1802 1948 auris,

240 1974 453 2048 Quem
483 1977 641 2040 dicat
669 1979 899 2041 venisse
928 2000 1097 2062 puer,
1130 1991 1273 2062 quot
1299 1977 1526 2042 nuntiet
1554 1977 1750 2042 horas.
2069 1981 2200 2040 210

240 2081 551 2146 Praeterea
578 2083 857 2148 minimus
884 2085 1081 2168 gelido
1100 2083 1230 2170 jam
1259 2084 1318 2148 in
1347 2105 1598 2169 corpore
1629 2084 1868 2168 sanguis

246 2187 449 2252 Febre
475 2187 642 2254 calet
670 2189 839 2270 solim
883 2191 1224 2255 circumsilit
1253 2192 1486 2274 agmine
1527 2189 1686 2254 facto

246 2291 597 2358 Morborum
630 2315 809 2358 omne
838 2317 1063 2378 genus:
1106 2315 1362 2380 quorum
1389 2296 1437 2358 si
1467 2296 1706 2358 nomina
1737 2314 1982 2378 quaeras,

245 2397 595 2486 Promptius
624 2398 968 2484 expediam,
999 2413 1142 2486 quot
1172 2399 1458 2462 amaverit
1487 2398 1712 2484 Hippia
1740 2401 2032 2478 moechoe,

246 2505 422 2580 Quot
448 2505 781 2572 Themison
810 2527 999 2590 aegros
1028 2519 1316 2571 autumno
1343 2506 1630 2572 occiderit
1657 2528 1796 2584 un0,
2074 2509 2204 2571 215

249 2610 425 2686 Quot
443 2611 681 2678 Basilus
708 2613 921 2690 εοοίοε,
954 2627 1095 2697 quot
1124 2613 1650 2698 circumscripserit
1679 2611 1894 2677 Hirrus

247 2715 521 2803 Pupillos
540 2719 837 2800 3—-citiu8,
866 2733 1010 2802 quot
1034 2719 1199 2782 villas
1229 2720 1526 2802 possideat
1553 2721 1734 2791 nunc,

250 2823 410 2899 Quo·
428 2825 711 2890 tondente
742 2825 931 2909 gravis
950 2822 1155 2908 juveni
1184 2822 1329 2884 mihi
1358 2823 1542 2886 barba
1565 2821 1833 2884 sonabat.

250 2929 361 2993 Ille
390 2931 661 3008 humei-0,
690 2932 790 2995 hic
818 2929 1055 3004 lumbiS‚
1085 2926 1182 2990 hic
1204 2925 1372 2990 coxa
1399 2925 1629 3001 debilis,
1661 2923 1868 2987 ambos
2269 2981 2276 2988 .

252 3035 531 3102 Perdidit
557 3037 655 3100 ille
680 3037 909 3114 oculos,
939 3049 999 3100 et
1026 3033 1205 3099 luscis
1224 3032 1487 3096 invidet:
1533 3031 1706 3115 hujus
2079 3035 2212 3094 220

254 3139 493 3204 Pallida
518 3141 685 3205 labra
713 3141 913 3205 cibum
944 3141 1240 3227 accipiunt
1269 3137 1462 3222 digitis
1489 3135 1714 3200 alienis.

254 3245 397 3330 Ipse
429 3248 505 3310 ad
536 3239 923 3331 con‘spectum
954 3267 1141 3310 coenae
1172 3245 1458 3308 diducere
1487 3241 1702 3306 rictum

260 3351 505 3429 Suetus,
534 3352 657 3416 hiat
684 3353 931 3429 tantum,
962 3373 1075 3416 ceu
1106 3351 1300 3436 pullus
1327 3349 1671 3426 hirundinis,
1703 3349 1781 3412 sd
1812 3367 1994 3432 quem

260 3457 393 3521 Ore
422 3457 579 3520 volat
607 3456 785 3540 pleno
814 3471 1007 3522 mater
1026 3438 1344 3540 jejunas
1347 3454 1474 3518 Sed
1503 3455 1666 3518 omni
