2411 3890
971 282 1218 333 suma
1247 282 1389 333 xlv.
2065 282 2096 341 1
2108 280 2186 341 19

224 426 351 492 Sed
382 428 553 515 eujus
580 428 731 493 votis
758 430 943 495 modo
970 452 1091 495 non
1120 432 1438 495 suffecerat
1465 450 1693 507 aurum,

106 552 111 559 ·
220 532 409 607 Quod
439 534 671 619 Tagus,
702 548 762 598 et
789 536 959 599 rutila
986 538 1161 602 volvit
1191 536 1474 601 Pactolus
1505 534 1706 613 arena,

220 636 467 723 Frigida
499 640 789 705 sufficient
816 642 1079 705 velantes
1106 644 1344 725 inguina
1373 642 1569 727 panni,
2051 641 2180 702 300

216 742 614 829 Exiguusque
644 747 833 824 cibuS,
866 747 1063 811 mersa
1088 761 1216 812 rate
1245 746 1564 831 naufragus
1594 767 1790 811 assem

215 848 386 911 Dum
412 865 601 933 rogat,
634 864 693 913 et
722 851 881 934 picta
908 874 973 915 se
1000 867 1354 936 tempestate
1387 866 1603 915 tuetur.

212 952 431 1015 Tantis
459 968 625 1037 parta
654 956 827 1019 malis
856 957 1001 1019 cura
1028 956 1256 1040 majore
1289 970 1572 1039 metuque

214 1056 561 1122 Servantur.
650 1059 995 1141 Miser-aest
1022 1062 1220 1145 magni
1250 1061 1518 1125 custodia
1547 1060 1783 1123 census.

298 1162 619 1247 Dispositis
646 1165 936 1248 praedives
966 1166 1157 1229 hamis
1184 1166 1426 1247 vigilare
1457 1166 1766 1227 cohortem
2045 1167 2172 1227 305

210 1266 535 1331 Servorum
560 1284 737 1333 noctu
768 1269 1017 1331 Licinus
1034 1270 1228 1353 jubet,
1260 1269 1533 1332 attonitus
1562 1289 1670 1351 pro

210 1370 481 1449 Eleon-0,
512 1374 805 1457 signisque
837 1375 975 1450 suis,
1006 1373 1390 1459 Phrygiaque
1421 1373 1718 1449 columna,

206 1476 412 1560 Atque
443 1479 643 1555 ebore,
674 1492 735 1541 et
760 1476 881 1540 lata
908 1479 1220 1543 testudine.
1312 1479 1492 1542 Dolia
1521 1480 1664 1542 nudi

207 1580 355 1644 Non
387 1582 595 1644 ardent
623 1582 879 1665 Cynici:
924 1584 983 1646 si·
1000 1584 1265 1667 fregeris,
1295 1585 1478 1649 altera
1506 1586 1608 1648 fiet

92 1700 103 1709 ·
205 1684 367 1750 Cras
396 1687 627 1763 domuS,
661 1701 760 1750 aut
788 1689 1003 1751 eadem
1034 1688 1278 1772 plumbo
1307 1690 1626 1753 commissa
1655 1691 1932 1755 manebit.
2039 1694 2166 1751 310

208 1790 413 1854 Sensit
440 1792 807 1869 Alexander,
836 1793 987 1857 testa
1016 1814 1198 1877 quum
1230 1794 1372 1855 vidit
1399 1794 1458 1854 in
1488 1793 1588 1855 illa

206 1896 503 1981 Magnum
531 1898 939 1974 habitatorem,
971 1897 1191 1981 quanto
1219 1897 1444 1960 felicior
1475 1898 1590 1972 hic,
1623 1899 1721 1978 qui

206 2002 313 2066 Nil
344 2017 608 2084 cuperet,
642 2004 818 2087 quam
851 2004 947 2087 qui
978 2015 1165 2065 totum
1194 2002 1300 2066 sibi
1317 2013 1606 2084 posceret
1633 2002 1864 2079 orbem,

204 2107 501 2170 Passurus
530 2109 709 2190 gestis
738 2109 1025 2191 aequanda
1055 2107 1319 2192 pericula
1345 2108 1545 2170 rebuS.

203 2211 451 2275 Nullum
485 2235 703 2274 numen
734 2213 939 2288 habeS,
970 2214 1017 2276 si
1046 2213 1119 2276 sit
1143 2213 1492 2296 prudentia:
1541 2235 1648 2276 nos
1676 2227 1759 2289 te,
2037 2218 2162 2278 315

204 2315 342 2380 Nos
370 2317 635 2393 sacimuS,
668 2317 953 2392 Fortuna,
984 2311 1207 2379 Deam.
1298 2317 1586 2378 Mensura
1613 2332 1814 2378 tamen
1844 2337 1972 2400 quae

206 2421 479 2486 Sufficiat
508 2421 743 2498 censfiS,
773 2423 821 2485 si
851 2423 981 2505 quis
1012 2442 1109 2482 me
1140 2420 1427 2496 consulat,
1459 2419 1638 2482 edam
1662 2442 1678 2480 τ

201 2526 275 2590 In
306 2545 587 2610 quantum
618 2528 738 2590 sitis
767 2541 943 2610 atque
972 2525 1161 2590 fames
1190 2539 1252 2588 et
1281 2525 1494 2610 frigora
1523 2539 1796 2609 poscunt,

208 2621 539 2708 Quantuni,
572 2631 860 2715 Epicure,
887 2631 987 2694 tibi
1020 2631 1212 2715 parvis
1242 2632 1475 2696 suffecit
1503 2631 1560 2694 in
1591 2631 1792 2706 hortis»,

204 2735 516 2810 Quantum
550 2737 835 2800 Socratici
868 2752 1153 2819 ceperunt
1179 2738 1314 2799 ante
1347 2737 1631 2800 Penates.
2037 2741 2164 2802 320

203 2839 534 2924 Nunquam
566 2841 723 2904 aliud
754 2841 1006 2916 Natura,
1037 2840 1193 2900 aliud
1228 2840 1530 2922 Sapientia
1571 2841 1732 2901 dicit.

202 2947 465 3010 Acribus
493 2947 783 3028 exemplis
812 2944 1016 3008 videor
1043 2955 1103 3004 te
1133 2941 1438 3004 claudere.
1529 2939 1722 3002 Misce

202 3050 374 3133 Ergo
405 3051 619 3134 aliquid
649 3051 859 3113 nostris
888 3048 965 3110 de
994 3047 1260 3109 moribus
1285 3068 1302 3107 τ
1348 3047 1522 3108 effice
1553 3067 1868 3122 summam,

202 3154 317 3219 Bis
347 3169 577 3238 septe-m
608 3154 909 3216 ordinibus
938 3173 1115 3236 quam
1145 3152 1250 3214 lex
1279 3151 1852 3234 dignatur‘Othonis.

202 3257 371 3323 Haec
403 3279 640 3342 quoque
671 3258 717 3320 si
748 3278 955 3339 rugam
985 3256 1177 3332 trahit,
1210 3255 1598 3338 extenditque
1627 3255 1924 3333 labellum,
2035 3259 2160 3318 325

200 3364 397 3428 Sume
431 3363 581 3425 duos
613 3361 859 3445 equites,
892 3359 985 3424 sac
1014 3361 1183 3423 tertia
1216 3359 1660 3444 quadringenta.

203 3467 277 3532 Si
306 3468 573 3532 nondum
601 3464 841 3550 implevi
870 3465 1183 3548 gremium,
1214 3463 1262 3526 si
1291 3465 1562 3548 panditur
1591 3464 1778 3527 ultra:
