2411 3890
1002 279 1247 330 sunu
1278 281 1371 330 lx.
2081 283 2161 342 75

992 547 1369 592 JUVENALIS.

205 629 310 694 Ne
339 631 606 718 trepida:
651 652 956 715 nunquam
981 634 1253 716 pathicus
1280 635 1383 698 tibi
1414 633 1607 697 deerit
1632 633 1883 710 amicus,
2047 633 2163 691 105

210 735 518 802 stantibus
549 751 610 800 et
637 737 812 802 salvis
837 737 930 802 his
958 738 1249 820 collibus3
1292 739 1553 824 undique
1584 738 1663 802 ad
1694 737 1823 802 illos

203 839 608 919 convenient,
629 856 692 906 et
719 843 1012 927 carpentis
1039 857 1102 906 et
1127 845 1395 920 navibus,
1422 864 1653 920 omneS,

203 942 336 1023 Qui
367 946 548 1030 digito
577 948 849 1032 scalpunt
875 970 994 1012 uno
1023 962 1223 1034 caput.
1315 949 1523 1012 Altera
1550 949 1739 1034 major

207 1049 372 1136 Spes
399 1065 712 1136 superest:
753 1068 818 1118 tu
845 1054 1076 1118 tanturn
1103 1055 1301 1120 erucis
1324 1054 1599 1139 imprime
1630 1054 1895 1118 dentem.

1027 1283 1365 1326 umvonus.

211 1366 370 1432 Haec
400 1369 680 1452 exempla
710 1391 856 1454 para
885 1367 1193 1433 felicibus:
1240 1383 1299 1432 at
1326 1389 1465 1431 mea
1493 1365 1716 1430 Clotho
2042 1373 2077 1428 J
2095 1371 2173 1428 10

211 1469 302 1536 Et
330 1472 628 1538 Lachesis
655 1475 934 1557 gaudent,
950 1451 1005 1538 ⁸si
1033 1474 1294 1558 pascitur
1320 1473 1557 1558 inguine
1584 1486 1809 1538 venter.

214 1577 279 1642 Ο
307 1579 496 1662 parvi,
525 1579 824 1662 nostrique
853 1579 1066 1656 Lares,
1097 1599 1245 1664 quos
1273 1581 1445 1644 thure
1476 1581 1721 1657 minuto,

215 1681 346 1745 Aut
371 1681 548 1759 farre,
579 1698 640 1746 et
665 1684 828 1746 tenui
855 1686 1020 1748 soleo
1051 1705 1305 1750 exorare
1334 1685 1579 1761 corona,

213 1783 484 1862 Quando
513 1809 628 1870 ego
655 1788 834 1871 figam
865 1789 1106 1873 aliquid,
1139 1811 1260 1872 quo
1286 1790 1361 1852 sit
1388 1790 1531 1852 mihi
1558 1802 1685 1852 tuta
1714 1804 1995 1853 senectus

215 1891 282 1955 A
309 1905 506 1975 tegete
535 1905 596 1955 et
620 1892 880 1955 baculo?
925 1881 1128 1973 {viginti
1154 1893 1335 1957 millia
1363 1891 1559 1959 foenus
2056 1898 2174 1955 115

217 1994 576 2079 Pignoribus
603 1996 826 2079 positis,
858 1996 1083 2079 argenti
1111 1997 1352 2059 vascula
1380 1997 1531 2079 puri,

222 2100 356 2165 Sed
385 2121 512 2185 quae
542 2098 852 2167 Fabricius
879 2121 1096 2169 censor
1119 2114 1307 2177 notet,
1338 2114 1398 2165 et
1426 2100 1549 2165 duo
1576 2098 1761 2168 fortes

222 2188 340 2270 De¹
357 2226 538 2289 grege
567 2204 922 2283 Moesorum,
955 2205 1056 2291 qui
1085 2228 1184 2269 me
1214 2207 1451 2271 cervice
1480 2206 1679 2270 locaffi.

225 2310 526 2374 Securum
542 2310 793 2395 jubeant
821 2308 1085 2373 clamoso
1111 2309 1379 2396 insistere
1410 2310 1618 2373 Circo.

229 2412 324 2478 Sit
349 2414 492 2477 mihi
519 2428 811 2499 praeterea
837 2433 1054 2477 curvus
1083 2413 1341 2488 caelator,
1371 2427 1430 2477 et
1460 2406 1628 2491 alter,
1720 2414 1725 2417 ’
2063 2422 2183 2479 120

227 2520 357 2595 Qui
387 2505 600 2586 multas
629 2518 814 2585 facies
841 2517 1042 2605 pingat
1069 2518 1228 2583 cito:
1272 2520 1567 2585 sufficiunt
1594 2521 1753 2599 haec,

228 2626 494 2700 Quando
523 2646 638 2709 ego
664 2646 890 2710 pauper
919 2646 1048 2691 ero.
1135 2626 1359 2691 Votum
1389 2628 1744 2707 miserabile,
1775 2650 1891 2693 nec
1922 2650 2059 2714 spes

233 2731 352 2797 His
379 2730 630 2795 saltem:
674 2752 834 2809 nam,
867 2751 1050 2814 quum
1079 2754 1188 2817 pro
1216 2756 1316 2797 me
1348 2732 1613 2799 Fortuna
1644 2746 1902 2819 rogatur,

232 2837 442 2923 Affigit
470 2856 646 2899 ceras
675 2835 774 2903 illa
801 2835 880 2898 de
907 2858 1064 2899 nave
1089 2838 1321 2919 petiam,

235 2942 391 3022 Quae
425 2940 658 3009 Siculos
687 2954 896 3005 cantus
925 2939 1130 3023 effilgit
1157 2940 1383 3024 remige
1414 2941 1617 3007 surdo.
2074 2945 2191 3003 125
