2411 3890
343 269 426 327 50
966 265 1030 312 n.
1063 261 1251 314 imm
1282 261 1663 314 suver-mus

339 413 552 498 Aptior
581 414 728 476 hora
756 412 911 488 cibe,
943 413 1050 476 nisi
1081 433 1261 495 quam
1290 411 1523 476 dederit
1550 411 1855 476 Petosiris.
2162 411 2289 472 465

427 518 493 582 Si
523 518 842 581 mediocris
871 517 1022 597 erit3
1067 518 1319 601 spatium
1344 517 1605 580 lustrabit
1628 513 1895 600 utiinque

337 622 662 700 Metarum,
693 638 754 686 et
783 637 970 687 sortes
997 624 1198 701 ducet,
1230 621 1603 707 frontemque
1635 643 1995 706 manumque

331 728 630 792 Praebebit
661 730 774 792 vati
805 730 1080 794 crebrum
1111 751 1444 812 poppysma
1471 730 1720 812 roganti.

329 835 622 898 Divitibus
652 857 930 920 responsa
963 837 1184 900 dabunt
1214 836 1423 918 Phryx
1454 857 1640 919 augur
1668 848 1729 899 et
1754 833 1937 898 Indus

327 937 700 1017 Conductus,
732 942 892 1004 dabit
923 955 1207 1006 astrorum
1238 943 1561 1025 mundique
1584 941 1823 1024 peritus,
2152 942 2283 998 470

328 1047 527 1130 Atque
559 1047 764 1130 aliquis
794 1049 1007 1124 senior,
1040 1048 1140 1132 qui
1169 1048 1405 1131 publica
1435 1046 1665 1131 fulgura
1694 1046 1912 1110 eondit.

327 1151 640 1216 Plebeium
673 1154 730 1215 in
761 1154 920 1217 circo
949 1155 1204 1237 positum
1232 1167 1322 1218 est
1352 1168 1411 1244 et
1437 1154 1495 1216 in
1529 1174 1745 1236 aggere
1775 1151 1984 1214 satum.

325 1258 478 1332 Quae
511 1261 682 1322 nudis
711 1261 950 1343 longum
981 1261 1241 1325 ostendit
1268 1261 1599 1324 cervicibus
1628 1279 1855 1335 aurum,

323 1364 595 1428 Consulit
625 1378 758 1426 ante
787 1367 990 1448 phalas
1021 1357 1555 1448 delphinorumque
1584 1366 1909 1440 columnaS,
1986 1405 1991 1409 ·

322 1469 420 1532 An
451 1493 589 1554 saga
621 1471 896 1534 vendenti
926 1471 1128 1545 nubat,
1159 1492 1431 1553 caupone
1460 1471 1685 1534 relicto.
2142 1473 2271 1529 475

408 1575 524 1638 Hae
555 1591 751 1638 tamen
783 1589 844 1638 et
871 1575 1070 1659 parnis
1099 1577 1350 1640 subeunt
1380 1575 1715 1651 discrimen,
1746 1589 1807 1638 et
1835 1596 2043 1637 omnes

317 1678 580 1745 Nutricis
611 1681 876 1758 tolerant,
906 1680 1140 1744 fortuna
1167 1696 1433 1764 urgente,
1464 1682 1696 1746 labores
1721 1703 1740 1759 ;

319 1786 441 1848 Sed
464 1787 631 1872 jacet
663 1801 866 1850 aurato
897 1787 997 1850 vix
1029 1788 1144 1850 ulla
1174 1808 1469 1870 puerpera
1496 1787 1672 1848 lecto·

312 1889 583 1956 Tantum
619 1907 774 1957 artes
804 1893 996 1980 hujuS‚
1026 1893 1251 1957 tantum
1284 1893 1679 1957 medicamina
1709 1906 2063 1976 possum-—

397 1999 675 2064 Transeo
706 2002 1056 2083 suppositOS,
1091 2015 1150 2063 et
1180 2000 1415 2081 gaudia,
1446 2012 1697 2082 votaque
1730 1998 1887 2081 saepe
2136 2002 2269 2059 480

231 2184 240 2191 φ
312 2104 412 2165 Ad
444 2126 687 2187 spurcos
717 2106 969 2188 decepta
999 2105 1183 2179 lacus,
1218 2118 1393 2186 atque
1424 2104 1561 2165 inde
1593 2105 1801 2186 petitos

310 2208 636 2273 Pontifices
669 2208 880 2287 Salios,
915 2209 1279 2273 Scaurorum
1310 2208 1547 2271 nomina
1578 2206 1725 2273 salso

311 2314 584 2399 Corpore
615 2317 852 2380 laturos,
949 2316 1078 2380 Stat
1113 2313 1371 2379 Fortuna
1402 2315 1669 2398 improba
1697 2330 1894 2391 noctu,

309 2420 594 2483 Arridens
623 2423 795 2484 nudis
824 2420 1160 2484 infantibus.
1253 2420 1386 2483 Hos
1409 2418 1567 2487 sovet
1594 2442 1823 2494 omn-ee,
2364 2424 2367 2465 Ι

301 2522 662 2608 Involvitque
693 2525 822 2589 sinu
849 2547 864 2585 z
907 2526 1178 2587 domibus
1210 2539 1348 2588 tunc
1376 2524 1616 2607 porrigit
1646 2525 1790 2602 altis,
1974 2564 1989 2581 ι
2127 2534 2255 2591 485
2360 2502 2365 2643 ὲ

310 2627 746 2711 Secretumque
778 2630 883 2690 sibi
917 2629 1163 2691 mimum
1194 2643 1382 2712 parat.
1476 2628 1609 2693 Hos
1640 2645 1817 2705 amat,
1848 2632 1937 2694 his
1966 2654 2031 2695 se

306 2732 541 2816 Ingerit,
575 2747 753 2815 utque
785 2754 922 2795 suos
950 2733 1148 2797 ridens
1176 2735 1449 2818 producit
1476 2736 1763 2799 alumnos.

394 2839 513 2901 Hic
544 2840 808 2923 magicos
839 2839 1008 2903 affert
1037 2855 1263 2917 cantus,
1296 2842 1392 2905 hic
1426 2843 1714 2907 Thessala
1744 2844 1942 2907 vendit

305 2943 548 3020 Philtra,
583 2944 792 3027 quibus
823 2946 1013 3008 valeat
1043 2961 1305 3011 mentem
1336 2970 1555 3011 vexare
1586 2948 1886 3013 mariti.—

300 3046 449 3111 Inde
481 3050 656 3111 animi
687 3050 897 3133 ealigO,
930 3066 989 3115 et
1017 3072 1233 3135 magna
1262 3053 1475 3116 oblivio
1506 3076 1722 3131 rerum,
2124 3062 2253 3121 490

301 3152 472 3226 Quas
500 3154 682 3216 modo
711 3157 957 3237 gessisti.
1047 3155 1286 3221 Tamen
1317 3158 1433 3221 hoc
1462 3159 1781 3235 tolerabile,
1813 3161 1859 3223 si
1888 3182 2005 3223 non

301 3259 383 3321 Et
415 3258 609 3322 furere
638 3260 900 3345 incipias,
933 3276 996 3326 ut
1025 3264 1348 3326 avunculus
1378 3264 1473 3327 ille
1502 3265 1783 3342 Neronis,

301 3362 419 3425 Cui
451 3377 630 3427 totam
665 3366 897 3427 tremuli
929 3366 1180 3431 frontem
1213 3366 1487 3431 Caesonia
1520 3370 1657 3451 pulli

296 3466 534 3530 Infudit.
625 3468 780 3543 Quae
812 3492 926 3533 non
958 3469 1151 3547 saciet,
1185 3472 1344 3554 quod
1376 3472 1667 3558 Principis
1696 3476 1897 3539 uxor?
