2411 3890
279 313 362 372 30
889 297 956 350 D.
985 299 1173 351 JUNu
1203 299 1589 353 mutuus

283 457 564 522 Servatur
591 455 856 520 domino.
945 453 1243 518 Dextram
1270 453 1553 518 cohibere
1582 466 1909 518 memento.

169 549 248 608 Χ
287 563 469 627 Salva
497 563 568 626 sit
595 575 836 646 artoptae
865 558 1217 624 reverentia.
1308 559 1499 644 Finge
1526 575 1731 624 tamen
1756 573 1845 622 te·

285 667 732 751 Improbulutn3
775 679 1046 750 superest
1075 663 1217 740 illic,
1248 665 1347 748 qui
1376 685 1601 749 ponere
1631 677 1827 747 cogat.

287 771 397 836 Vis
425 781 487 834 m
518 771 815 836 consuetis
843 771 1042 835 audax
1071 771 1321 834 conviva
1346 770 1615 834 canistris

288 877 550 961 Impleri,
581 877 864 960 panisque
895 877 977 940 tui
1005 876 1239 940 novisse
1268 876 1534 938 colorem
1560 875 1588 938 ?
1662 871 1671 878 ’

295 983 542 1046 Scilicet
571 983 685 1044 hoc
715 979 926 1056 suerat,
955 993 1194 1064 propter
1226 981 1407 1064 quod,
1438 981 1595 1064 saepe
1626 979 1832 1044 relicta

297 1087 593 1174 Conjuge,
623 1107 730 1170 per
760 1099 1022 1148 montem
1051 1083 1366 1148 adversum
1396 1086 1737 1169 gelidasque
1766 1086 1999 1149 cucurri

297 1191 615 1277 Esquilias,
645 1189 928 1254 fremeret
955 1187 1114 1254 saeva‘i.
1141 1211 1323 1274 quum
1354 1191 1637 1273 grandine
1666 1203 1883 1254 vernus
1940 1221 1946 1229 ·

297 1296 548 1382 Jupiter,
579 1311 640 1360 et
670 1297 852 1359 multo
883 1295 1125 1358 stillaret
1153 1296 1383 1378 paenula
1414 1296 1615 1357 nimbo
1642 1295 1657 1356 Ξ

303 1402 588 1485 Adspice,
619 1400 797 1483 quam
827 1400 1004 1480 longo
1033 1397 1329 1462 distendat
1359 1412 1599 1482 pectore
1630 1399 1885 1476 lancem,

305 1505 459 1580 Quae
489 1503 674 1568 fertur
701 1504 964 1579 domin0,
993 1503 1224 1586 squilla,
1256 1517 1317 1565 et
1344 1501 1555 1586 quibus
1582 1504 1842 1588 undique
1872 1518 2041 1588 septa

306 1609 646 1694 Asparagis,
678 1608 798 1692 quii
823 1607 1111 1692 despiciat
1137 1605 1406 1671 convivia
1432 1608 1651 1685 cauda,

309 1715 518 1791 Quum
549 1714 705 1778 venit
733 1711 954 1778 excelsi
985 1714 1257 1776 manibus
1284 1715 1510 1778 sublata
1540 1715 1803 1778 ministri.

313 1821 438 1887 Sed
467 1821 568 1884 tibi
599 1820 842 1886 dimidio
871 1819 1221 1884 constrictus
1248 1839 1725 1883 cammarusovo

311 1928 578 2005 Ponitur,
613 1925 831 2011 exigua
857 1924 1054 1989 feralis
1083 1947 1257 1989 coena
1286 1925 1593 2029 patellas

311 2036 446 2120 Ipse
474 2032 815 2096 Venafrano
843 2032 1070 2117 piscem
1102 2030 1435 2114 perfundit:
1480 2046 1539 2097 at
1567 2032 1683 2107 hic,
1716 2033 1813 2115 qui

316 2138 580 2202 Pallidus
610 2138 847 2199 affertur
877 2136 1094 2199 misero
1122 2136 1225 2197 tibi
1255 2136 1459 2211 caulis,
1488 2136 1671 2198 olebit

315 2243 659 2306 Laternam.
749 2240 902 2303 Illud
931 2241 1090 2303 enim
1118 2240 1325 2303 vestris
1355 2240 1527 2303 datur
1556 2240 1815 2317 alveolis,
1847 2242 2006 2324 quod

321 2348 532 2413 Canna
561 2347 948 2431 Micipsarum
981 2344 1158 2431 prorui
1179 2346 1451 2409 subvexit
1482 2345 1656 2409 acuta
1681 2367 1703 2424 3
1752 2366 1755 2373 ·

322 2456 578 2537 Propter
609 2453 766 2535 quod
796 2452 1018 2515 Romae
1049 2472 1187 2514 cum
1222 2450 1537 2513 Bocchare
1568 2472 1748 2513 nemo
1775 2451 2017 2527 lavatur,

327 2560 514 2633 Quod
543 2572 697 2621 tutos
727 2556 904 2617 etiam
935 2556 1074 2617 facit
1103 2576 1136 2616 a
1167 2556 1533 2638 serpentibus
1566 2554 1761 2619 Afros„
1870 2568 1877 2581 '

327 2664 550 2730 Mullus
573 2662 682 2724 erit
711 2660 970 2735 domin0,
1001 2678 1179 2741 quem
1212 2660 1366 2720 misit
1394 2658 1664 2736 Corsica,
1695 2661 1787 2722 vel
1818 2682 1998 2743 quem

330 2767 851 2833 Tauromenitanae
882 2784 1079 2847 rupeS,
1112 2764 1353 2847 quando
1379 2783 1557 2827 omne
1588 2778 1893 2849 peractum
1926 2780 2017 2827 est

336 2872 420 2940 Et
438 2876 567 2959 jam
597 2869 818 2934 defecit
845 2882 1108 2931 nostrum
1136 2890 1323 2945 mare,
1355 2870 1498 2934 dum
1530 2870 1665 2952 gula
1696 2869 1875 2944 saevit,

337 2980 594 3043 Retibus
620 2974 874 3039 assiduis
902 2973 1136 3057 penitus
1164 2987 1459 3037 scrutante
1482 2976 1735 3040 macello

339 3083 648 3157 Proxima,
676 3100 790 3142 nee
819 3078 1074 3162 patimur
1100 3077 1486 3161 Tyrrhenum
1518 3102 1795 3143 crescere
1824 3081 2073 3163 piscem.

338 3188 571 3253 Instruit
601 3204 742 3267 ergo
773 3181 967 3244 focum
999 3183 1298 3263 provincia
1325 3204 1341 3243 τ
1384 3184 1629 3247 sum-itur
1659 3185 1811 3251 illino

344 3293 527 3369 Quod
559 3302 822 3374 captator
851 3300 1009 3349 emat
1032 3285 1255 3363 LenaS‚
1286 3286 1529 3349 Aurelia
1548 3288 1796 3351 vendat.

343 3396 581 3462 Virroni
614 3412 870 3455 murtena
901 3390 1252 3475 datur‚-quae
1284 3392 1546 3455 maxima
1574 3394 1731 3455 veuit
1800 3416 1809 3432 ¹

274 3518 282 3523 ·
349 3502 596 3587 Gurgite
627 3498 704 3561 de
737 3496 940 3559 Siculo
963 3514 1000 3558 :³
1027 3490 1187 3573 nam,
1218 3493 1361 3558 dum
1392 3516 1457 3567 se
1486 3498 2011 3575 continet-Auster,

2166 1405 2273 1462 80

2178 1931 2279 1990 85

2190 2422 2380 2515 90³

2196 2984 2295 3040 95

2171 3510 2297 3565 100
