2411 3890
51 252 55 352 l
209 303 230 332 ο
969 301 1213 352 SATIRA
1244 299 1337 352 IX.
2042 299 2125 360 73

194 451 526 539 Conjugium
555 453 616 516 in
645 451 842 516 multIs
872 449 1146 516 domibus
1177 451 1428 516 servavit
1458 449 1687 515 adulter
1713 451 1729 513 Ξ
2038 449 2119 509 55

59 590 71 682 k
196 555 318 630 Quo
343 573 400 622 te
427 555 848 641 circumagas?
896 575 1024 642 quae
1055 557 1245 642 prima
1278 571 1378 620 aut
1405 558 1609 620 ultima
1638 553 1875 641 ponas?

193 660 412 726 Nullum
444 685 590 747 ergo
619 663 892 726 meritum
923 676 1033 739 est,
1063 663 1287 745 ingrate
1318 684 1389 725 ac
1419 661 1669 745 perfide,
1698 661 1943 737 nullum,

195 765 354 842 Quod
382 769 482 832 tibi
509 767 724 832 filiolus
751 769 850 830 vel
876 767 996 830 filia
1024 768 1285 830 nascitur
1312 789 1391 830 ex
1420 789 1519 830 me
1544 766 1571 829 ,Ρ

193 871 356 938 Tollis
384 875 562 952 enim,
595 887 656 937 et
681 873 840 937 libris
869 887 1133 936 actorum
1165 857 1443 957 spargere
1474 871 1701 958 gaudes

189 977 530 1062 Argumenta
556 979 685 1042 viri.
778 975 1034 1041 Foribus
1065 977 1362 1062 suspende
1393 999 1663 1054 coronas,
1938 984 1943 992 ‘
2035 981 2120 1040 60

187 1081 305 1146 Jam
331 1097 496 1168 pater
524 1105 590 1147 es
617 1105 636 1145 :
679 1081 973 1162 dedimuS,
1003 1083 1162 1168 quod
1194 1082 1364 1146 famae
1396 1103 1699 1167 opponere
1728 1082 1915 1165 possis
1943 1106 1959 1143 ε

187 1185 313 1250 Jura
338 1190 594 1272 parentis
620 1189 826 1264 habes,
857 1201 1100 1270 propter
1129 1208 1228 1248 me
1260 1186 1534 1250 scriberis
1562 1187 1774 1263 haeres,

57 1281 59 1382 J
187 1291 458 1376 Legatum
482 1314 662 1357 omne
691 1292 875 1376 capis,
905 1313 1020 1354 nec
1049 1313 1168 1354 non
1199 1304 1259 1354 et
1289 1290 1464 1353 dulce
1495 1291 1812 1354 caducum.

56 1395 63 1526 ᾗ
186 1395 502 1462 Commoda
531 1411 818 1482 praeterea
837 1397 1157 1483 jungentur
1187 1398 1373 1461 multa
1404 1397 1667 1475 caduciS,

186 1501 241 1564 Si
266 1523 593 1581 numerum,
625 1503 674 1566 si
701 1516 819 1566 tres
847 1502 1192 1586 implevero.

945 1695 1323 1738 JUVENALIS.

1276 1781 1317 1843 J
1320 1796 1447 1846 usta
1477 1781 1714 1859 doloris„
2028 1789 2111 1847 65

181 1883 430 1963 Naevole,
459 1907 643 1951 causa
669 1885 772 1951 tui.
864 1885 1096 1950 Contra
1121 1901 1323 1951 tamen
1350 1888 1447 1951 ille
1479 1888 1621 1971 quid
1652 1888 1864 1951 affert?

56 2010 65 2109 ὲ
977 2078 1300 2121 NAEVOLUS.

177 2180 440 2269 Negligit,
471 2198 648 2268 atque
679 2184 858 2247 alium
889 2185 1176 2268 bipedem
1205 2185 1314 2248 sibi
1347 2185 1551 2268 quaerit
1581 2186 1848 2249 asellum.

52 2246 59 2348 l
251 2287 408 2353 Haec
439 2290 545 2353 soli
575 2288 894 2353 commissa
921 2290 1023 2351 tibi
1053 2291 1250 2351 celare
1282 2303 1605 2365 memento,

176 2390 250 2455 Et
273 2408 482 2459 tamtus
509 2407 738 2457 nostras
767 2393 916 2455 intra
944 2406 1004 2455 te
1035 2394 1152 2474 fige
1183 2390 1459 2476 querelas
1493 2416 1509 2454 ε

172 2496 320 2573 Nam
351 2522 448 2564 res
475 2497 776 2563 mortifera
808 2510 896 2561 est
923 2497 1194 2560 inimicus
1224 2498 1463 2581 pumice
1492 2499 1655 2563 levis.
2026 2510 2113 2567 ¹70

49 2624 51 2641 ¹
171 2602 283 2676 Qui
309 2604 493 2667 modo
523 2617 820 2668 secretum
852 2603 1253 2681 commiserat,
1284 2604 1453 2668 ardet
1482 2620 1543 2669 et
1570 2608 1713 2685 odit,

49 2642 57 2803 l
169 2706 472 2795 Tanquam
505 2708 890 2793 prodiderim,
921 2710 1203 2795 quidquid
1237 2711 1381 2775 scio.
1477 2712 1731 2777 Sumere
1761 2715 2001 2790 serrum,

171 2810 344 2878 Fuste
373 2814 606 2899 aperire
631 2828 828 2899 caput,
860 2815 1176 2877 candelam
1207 2838 1507 2899 apponere
1538 2819 1739 2895 valviS,

169 2916 298 2983 Non
329 2920 574 2983 dubitat.
662 2920 802 2984 Nec
833 2934 1176 2984 contemnas
1207 2936 1309 2985 aut
1336 2922 1649 3007 despiciam
1680 2924 1838 3005 quod

170 3020 276 3087 His
301 3026 512 3111 opibus
539 3046 840 3111 nunquam
872 3048 1014 3089 cara
1043 3040 1132 3091 est
1162 3048 1395 3091 annona
1422 3028 1653 3090 veneni.
1894 3058 1903 3062 ·
2027 3039 2107 3097 75

49 3207 55 3245 Γ
171 3125 327 3214 Ergo
355 3132 588 3196 occulta
615 3145 804 3217 teges,
834 3146 898 3195 ut
925 3133 1091 3197 curia
1119 3130 1331 3195 Martis
1358 3132 1631 3195 Athenis.

49 3300 51 3351 4

941 3324 1317 3365 JUVENALIS.

173 3402 226 3464 O
253 3404 558 3491 Corydon,
589 3406 897 3491 Corydon,
931 3421 1226 3472 secretum
1259 3407 1451 3471 divitis
1480 3410 1657 3473 ullum

173 3504 314 3575 Esse
342 3527 514 3598 putas
539 3512 565 3577 ?
612 3514 763 3577 servi
794 3528 858 3576 ut
885 3524 1161 3588 taceant3
1195 3511 1473 3595 jumenta
1500 3514 1831 3593 loquentur,

846 3604 885 3656 ’7
