2411 3890
1021 280 1265 332 sanna
1296 278 1391 328 111.
2066 253 2215 384 q}

219 431 530 500 conatus:
576 451 792 515 magno
819 431 1134 514 hospitium
1165 428 1518 504 miserabile,
1549 445 1767 510 magno

217 538 539 602 Servorum
569 549 824 613 venti-ee,
857 549 918 600 et
945 535 1095 620 frugi
1125 537 1363 600 coenula
1391 555 1629 617 magno.

221 637 524 704 Fictilibus
551 661 794 704 coenare
824 640 1028 724 pudet,
1057 639 1217 724 quod
1246 652 1419 722 turpe
1447 637 1681 722 negavit

215 743 562 808 Translatus
591 743 786 808 subito
815 745 890 806 ad
919 743 1154 808 Marsos
1183 763 1573 826 mensamque
1604 739 1923 815 Sabellam,
2049 742 2171 800 150

215 845 666 932 Contentusque
693 847 812 912 illic
838 846 1076 912 Veneto
1105 850 1375 933 duroque
1412 847 1763 956 cucullos

303 952 456 1016 Pars
482 975 698 1037 magna
726 953 904 1016 Italiae
935 967 1046 1030 est,
1075 955 1124 1017 si
1155 975 1361 1016 verum
1390 952 1813 1027 admittimuS,
1798 973 1855 1014 in
1886 971 2009 1035 qua

213 1057 421 1122 Nemo
447 1073 648 1144 togam
676 1060 872 1136 sumit,
901 1059 1010 1122 nisi
1039 1073 1323 1124 mortuus.
1410 1060 1551 1144 Ipsa
1578 1059 1810 1122 dierum

213 1160 532 1226 Festorum
559 1164 816 1228 herboso
841 1165 1052 1245 colitur
1081 1166 1130 1226 si
1160 1163 1397 1246 quando
1426 1163 1655 1225 theatro

211 1267 522 1352 Majes-tas,
552 1270 912 1353 tandemque
941 1269 1096 1331 redit
1123 1269 1198 1331 ad
1234 1268 1455 1352 pulpita
1492 1281 1697 1332 notum
2051 1271 2167 1329 155

211 1371 546 1449 Exodium,
578 1371 758 1457 quum
787 1395 1050 1456 personae
1083 1374 1349 1457 pallentis
1376 1374 1599 1436 hiatum

207 1477 279 1543 In
313 1479 538 1560 gremio
566 1480 764 1542 matris
794 1477 1070 1542 formidat
1095 1480 1345 1542 rusticus
1372 1479 1603 1558 infans;

207 1583 502 1664 AEquales
531 1583 762 1646 habitus
790 1581 926 1659 illic,
957 1584 1295 1667 similesque
1322 1584 1549 1646 videbis

207 1688 600 1751 orchestram
631 1702 690 1751 et
719 1688 1044 1771 populum.
1089 1690 1233 1752 clari
1264 1690 1534 1752 velamen
1564 1689 1821 1763 houm-15,

127 1834 129 1836 -
155 1842 160 1850 .
204 1793 526 1856 Sufficiunt
551 1794 762 1856 tunicae
791 1795 1036 1857 summis
1065 1794 1327 1858 aedilibus
1358 1797 1525 1858 albae.
1557 1777 1633 1808 '⁷
1640 1789 1654 1840 Ῑ
1764 1865 1771 1872 ,
2039 1797 2160 1854 160

183 1897 338 1961 Hic
369 1899 513 1961 ultra
541 1898 694 1961 vires
723 1898 954 1961 habitus
982 1899 1164 1961 nitor·
1209 1897 1305 1961 hic
1336 1901 1549 1982 aliquid
1582 1901 1731 1983 pluS,
1786 1909 1791 1914 “
1924 1885 1947 1912 ”

157 1996 414 2076 'f-Quam
445 2001 584 2065 satis
613 2018 720 2079 est,
752 2002 1044 2065 interdum
1077 2002 1269 2064 aliena
1296 2002 1539 2071 sumitur
1570 2004 1730 2066 arcii.

166 2094 552 2173 “Commune
579 2108 640 2169 id
670 2107 871 2169 vitium
901 2122 1010 2169 est.
1103 2106 1227 2169 Hic
1258 2107 1504 2171 vivimus
1532 2108 1844 2171 ambitiosa⁴

200 2211 570 2295 Paupertate
598 2232 828 2274 omnes.
921 2210 1086 2283 Quid
1119 2226 1175 2273 te
1208 2212 1453 2274 moror?
1502 2212 1723 2274 Omnia
1751 2212 1965 2275 Romae

197 2316 367 2379 Cum
399 2316 610 2399 pretio.
699 2314 866 2387 Quid
897 2316 1025 2390 das,
1056 2329 1121 2376 ut
1149 2315 1407 2377 Cossum
1438 2316 1753 2399 aliquando
1782 2318 2047 2381 salutes?

197 2419 289 2482 Ut
320 2434 378 2482 te
409 2420 684 2503 respiciat
711 2420 913 2481 clauso
935 2416 1190 2481 Veiento
1218 2418 1481 2481 labello?
1918 2436 1921 2445 '
2040 2426 2157 2485 166

193 2524 310 2588 Ille
342 2525 507 2587 metit
534 2526 798 2599 barbam,
828 2524 1052 2586 crinem
1081 2524 1178 2585 hic
1208 2524 1450 2608 deponit
1479 2527 1675 2589 amati.

194 2630 398 2693 Plena
425 2629 636 2691 domus
663 2629 792 2691 libis
817 2628 1140 2692 venalibus.
1235 2631 1486 2714 Accipe,
1516 2646 1577 2694 et
1602 2632 1755 2694 istud

193 2735 588 2799 Fermentum
619 2733 718 2796 tibi
747 2734 938 2796 habe:
983 2749 1257 2817 praestare
1288 2736 1499 2798 tributa
1526 2737 1772 2799 clientes
1858 2760 1863 2765 ·

189 2838 510 2921 Cogimur,
543 2851 603 2900 et
631 2838 798 2901 cultis
827 2858 1046 2921 augere
1077 2839 1309 2921 peculia
1340 2840 1539 2901 servis.
2024 2848 2145 2902 170

193 2944 356 3019 Quis
387 2943 572 3017 timet,
603 2956 704 3005 aut
730 2942 918 3005 timuit
945 2941 1142 3025 gelida
1169 2942 1471 3005 Praeneste
1502 2943 1751 3019 ruinam,

189 3050 323 3110 Aut
349 3046 552 3129 positis
580 3068 892 3109 nemorosa
919 3047 1068 3109 inter
1085 3046 1233 3131 juga
1260 3046 1554 3123 VolsiniiS,
1588 3066 1685 3111 aut

191 3150 580 3233 Simplicibus
609 3149 833 3226 Gabiis,
863 3164 965 3214 aut
990 3152 1157 3234 proni
1183 3151 1427 3215 Tiburis
1456 3153 1645 3217 arce?

189 3256 330 3319 Nos
360 3257 567 3319 urbem
597 3256 844 3319 colimus
871 3257 1032 3317 tenui
1059 3256 1295 3319 tibicine
1337 3254 1539 3321 fultam

189 3359 422 3444 Magna
449 3373 613 3445 parte
644 3360 754 3423 sui.
844 3360 1007 3423 Nam
1035 3362 1121 3425 sic
1151 3362 1479 3427 labentibus
1504 3366 1695 3429 obstat
2024 3374 2139 3429 175

181 3464 452 3542 villicus,
484 3478 544 3528 et
569 3464 783 3528 veteris
809 3465 1182 3611 ringguum
1210 3467 1357 3530 texit
1384 3468 1624 3544 hiatum,
