<?xml version="1.0" encoding="UTF-8"?>
<!DOCTYPE html PUBLIC "-//W3C//DTD XHTML 1.0 Transitional//EN"
    "http://www.w3.org/TR/xhtml1/DTD/xhtml1-transitional.dtd">
<html xmlns="http://www.w3.org/1999/xhtml" xml:lang="en" lang="en">
 <head>
  <title>
</title>
<meta http-equiv="Content-Type" content="text/html;charset=utf-8" />
  <meta name='ocr-system' content='tesseract 3.04.00' />
  <meta name='ocr-capabilities' content='ocr_page ocr_carea ocr_par ocr_line ocrx_word'/>
</head>
<body>
  <div class='ocr_page' id='page_1' title='image "./djuniijuvenalis00levegoog_0035.png"; bbox 0 0 2411 3890; ppageno 0'>
   <div class='ocr_carea' id='block_1_1' title="bbox 951 275 2085 336">
    <p class='ocr_par' dir='ltr' id='par_1_1' title="bbox 951 275 2085 336">
     <span class='ocr_line' id='line_1_1' title="bbox 951 275 2085 336; baseline -0.005 -10"><span class='ocrx_word' id='word_1_1' title='bbox 951 277 1196 328; x_wconf 68' lang='lat' dir='ltr'>snam</span> <span class='ocrx_word' id='word_1_2' title='bbox 1228 277 1318 326; x_wconf 77' lang='lat' dir='ltr'>w.</span> <span class='ocrx_word' id='word_1_3' title='bbox 1997 275 2085 336; x_wconf 72' lang='lat'>25</span> 
     </span>
    </p>
   </div>
   <div class='ocr_carea' id='block_1_2' title="bbox 48 426 2147 3445">
    <p class='ocr_par' dir='ltr' id='par_1_2' title="bbox 162 426 1549 514">
     <span class='ocr_line' id='line_1_2' title="bbox 162 426 1549 514; baseline -0.004 -20"><span class='ocrx_word' id='word_1_4' title='bbox 162 429 534 514; x_wconf 83' lang='lat' dir='ltr'>Temporibus</span> <span class='ocrx_word' id='word_1_5' title='bbox 565 428 706 491; x_wconf 87' lang='lat' dir='ltr'>diris</span> <span class='ocrx_word' id='word_1_6' title='bbox 732 427 1038 500; x_wconf 76' lang='lat' dir='ltr'>tractanda</span> <span class='ocrx_word' id='word_1_7' title='bbox 1068 428 1315 512; x_wconf 84' lang='lat' dir='ltr'>putabat</span> <span class='ocrx_word' id='word_1_8' title='bbox 1340 426 1549 490; x_wconf 88' lang='lat' dir='ltr'>inermi</span> 
     </span>
    </p>

    <p class='ocr_par' dir='ltr' id='par_1_3' title="bbox 48 531 2147 648">
     <span class='ocr_line' id='line_1_3' title="bbox 48 531 2147 648; baseline -0.002 -53"><span class='ocrx_word' id='word_1_9' title='bbox 48 537 51 648; x_wconf 41' lang='lat' dir='ltr'>i</span> <span class='ocrx_word' id='word_1_10' title='bbox 159 533 382 598; x_wconf 66' lang='lat' dir='ltr'>Justitia.</span> <span class='ocrx_word' id='word_1_11' title='bbox 471 532 656 596; x_wconf 85' lang='lat' dir='ltr'>Venit</span> <span class='ocrx_word' id='word_1_12' title='bbox 685 546 746 596; x_wconf 86' lang='lat' dir='ltr'>et</span> <span class='ocrx_word' id='word_1_13' title='bbox 775 531 974 615; x_wconf 85' lang='lat' dir='ltr'>Crispi</span> <span class='ocrx_word' id='word_1_14' title='bbox 989 532 1261 617; x_wconf 86' lang='lat' dir='ltr'>jucunda</span> <span class='ocrx_word' id='word_1_15' title='bbox 1290 545 1585 607; x_wconf 82' lang='lat' dir='ltr'>senectus,</span> <span class='ocrx_word' id='word_1_16' title='bbox 2000 531 2085 590; x_wconf 86' lang='grc'>80</span> <span class='ocrx_word' id='word_1_17' title='bbox 2131 619 2147 628; x_wconf 27' lang='grc' dir='ltr'><strong>υ</strong></span> 
     </span>
    </p>

    <p class='ocr_par' dir='ltr' id='par_1_4' title="bbox 48 636 1719 890">
     <span class='ocr_line' id='line_1_4' title="bbox 159 636 1493 725; baseline 0 -23"><span class='ocrx_word' id='word_1_18' title='bbox 159 638 325 725; x_wconf 88' lang='lat' dir='ltr'>Cujus</span> <span class='ocrx_word' id='word_1_19' title='bbox 352 653 522 703; x_wconf 87' lang='lat' dir='ltr'>erant</span> <span class='ocrx_word' id='word_1_20' title='bbox 551 660 770 714; x_wconf 75' lang='lat' dir='ltr'>morea,</span> <span class='ocrx_word' id='word_1_21' title='bbox 801 637 986 722; x_wconf 86' lang='lat' dir='ltr'>qualis</span> <span class='ocrx_word' id='word_1_22' title='bbox 1015 636 1317 714; x_wconf 80' lang='lat' dir='ltr'><strong>facundia,</strong></span> <span class='ocrx_word' id='word_1_23' title='bbox 1346 639 1493 702; x_wconf 83' lang='lat' dir='ltr'>mite</span> 
     </span>
     <span class='ocr_line' id='line_1_5' title="bbox 48 742 1719 890; baseline 0 -84"><span class='ocrx_word' id='word_1_24' title='bbox 48 747 53 890; x_wconf 33' lang='grc' dir='ltr'>ἱ</span> <span class='ocrx_word' id='word_1_25' title='bbox 154 743 460 828; x_wconf 84' lang='lat' dir='ltr'><strong>Ingenium.</strong></span> <span class='ocrx_word' id='word_1_26' title='bbox 550 742 749 806; x_wconf 87' lang='lat' dir='ltr'>Maria</span> <span class='ocrx_word' id='word_1_27' title='bbox 777 763 848 806; x_wconf 85' lang='lat' dir='ltr'>ac</span> <span class='ocrx_word' id='word_1_28' title='bbox 877 756 1066 806; x_wconf 86' lang='lat' dir='ltr'>terras</span> <span class='ocrx_word' id='word_1_29' title='bbox 1093 744 1463 828; x_wconf 85' lang='lat' dir='ltr'>populosque</span> <span class='ocrx_word' id='word_1_30' title='bbox 1492 742 1719 826; x_wconf 87' lang='lat' dir='ltr'>regenti</span> 
     </span>
    </p>

    <p class='ocr_par' dir='ltr' id='par_1_5' title="bbox 48 846 2073 1559">
     <span class='ocr_line' id='line_1_6' title="bbox 153 846 1606 932; baseline -0.001 -20"><span class='ocrx_word' id='word_1_31' title='bbox 153 847 288 922; x_wconf 82' lang='lat' dir='ltr'>Quis</span> <span class='ocrx_word' id='word_1_32' title='bbox 314 871 519 913; x_wconf 85' lang='lat' dir='ltr'>comes</span> <span class='ocrx_word' id='word_1_33' title='bbox 549 849 764 924; x_wconf 86' lang='lat' dir='ltr'>utilior,</span> <span class='ocrx_word' id='word_1_34' title='bbox 793 847 840 912; x_wconf 87' lang='lat' dir='ltr'>si</span> <span class='ocrx_word' id='word_1_35' title='bbox 871 847 1046 912; x_wconf 85' lang='lat' dir='ltr'>clade</span> <span class='ocrx_word' id='word_1_36' title='bbox 1077 861 1138 910; x_wconf 90' lang='lat' dir='ltr'>et</span> <span class='ocrx_word' id='word_1_37' title='bbox 1165 861 1337 932; x_wconf 82' lang='lat' dir='ltr'>peste</span> <span class='ocrx_word' id='word_1_38' title='bbox 1366 849 1475 910; x_wconf 84' lang='lat' dir='ltr'>sub</span> <span class='ocrx_word' id='word_1_39' title='bbox 1504 846 1606 910; x_wconf 71' lang='lat' dir='ltr'>ina</span> 
     </span>
     <span class='ocr_line' id='line_1_7' title="bbox 48 895 1667 1042; baseline -0.001 -27"><span class='ocrx_word' id='word_1_40' title='bbox 48 895 53 1042; x_wconf 44' lang='lat' dir='ltr'>i</span> <span class='ocrx_word' id='word_1_41' title='bbox 151 953 436 1018; x_wconf 55' lang='lat' dir='ltr'>Saevitiam</span> <span class='ocrx_word' id='word_1_42' title='bbox 465 955 754 1017; x_wconf 87' lang='lat' dir='ltr'>damnare</span> <span class='ocrx_word' id='word_1_43' title='bbox 783 966 844 1015; x_wconf 83' lang='lat' dir='ltr'>et</span> <span class='ocrx_word' id='word_1_44' title='bbox 869 953 1186 1018; x_wconf 85' lang='lat' dir='ltr'>honestum</span> <span class='ocrx_word' id='word_1_45' title='bbox 1218 952 1431 1016; x_wconf 86' lang='lat' dir='ltr'>afferre</span> <span class='ocrx_word' id='word_1_46' title='bbox 1458 952 1667 1016; x_wconf 82' lang='lat' dir='ltr'>liceret</span> 
     </span>
     <span class='ocr_line' id='line_1_8' title="bbox 48 1043 2073 1180; baseline -0.001 -60"><span class='ocrx_word' id='word_1_47' title='bbox 48 1043 53 1180; x_wconf 56' lang='grc' dir='ltr'>Ι</span> <span class='ocrx_word' id='word_1_48' title='bbox 150 1056 456 1123; x_wconf 83' lang='lat' dir='ltr'>Consilium</span> <span class='ocrx_word' id='word_1_49' title='bbox 482 1058 510 1121; x_wconf 86' lang='lat'>?</span> <span class='ocrx_word' id='word_1_50' title='bbox 602 1057 726 1120; x_wconf 88' lang='lat' dir='ltr'>Sed</span> <span class='ocrx_word' id='word_1_51' title='bbox 759 1058 899 1141; x_wconf 89' lang='lat' dir='ltr'>quid</span> <span class='ocrx_word' id='word_1_52' title='bbox 932 1058 1239 1122; x_wconf 74' lang='lat' dir='ltr'>violentius</span> <span class='ocrx_word' id='word_1_53' title='bbox 1270 1081 1412 1122; x_wconf 85' lang='lat' dir='ltr'>aure</span> <span class='ocrx_word' id='word_1_54' title='bbox 1441 1056 1693 1142; x_wconf 85' lang='lat' dir='ltr'>tyranni,</span> <span class='ocrx_word' id='word_1_55' title='bbox 1988 1059 2073 1118; x_wconf 82' lang='lat'>85</span> 
     </span>
     <span class='ocr_line' id='line_1_9' title="bbox 48 1162 1655 1260; baseline 0 -34"><span class='ocrx_word' id='word_1_56' title='bbox 48 1183 51 1260; x_wconf 58' lang='grc' dir='ltr'>ξ</span> <span class='ocrx_word' id='word_1_57' title='bbox 147 1162 292 1226; x_wconf 86' lang='lat' dir='ltr'>Cum</span> <span class='ocrx_word' id='word_1_58' title='bbox 321 1186 436 1248; x_wconf 90' lang='lat' dir='ltr'>quo</span> <span class='ocrx_word' id='word_1_59' title='bbox 468 1165 546 1227; x_wconf 90' lang='lat' dir='ltr'>de</span> <span class='ocrx_word' id='word_1_60' title='bbox 575 1163 806 1248; x_wconf 84' lang='lat' dir='ltr'>pluviis,</span> <span class='ocrx_word' id='word_1_61' title='bbox 837 1177 938 1228; x_wconf 86' lang='lat' dir='ltr'>aut</span> <span class='ocrx_word' id='word_1_62' title='bbox 967 1164 1221 1240; x_wconf 76' lang='lat' dir='ltr'>aestibuS,</span> <span class='ocrx_word' id='word_1_63' title='bbox 1252 1181 1355 1226; x_wconf 86' lang='lat' dir='ltr'>aut</span> <span class='ocrx_word' id='word_1_64' title='bbox 1384 1164 1655 1226; x_wconf 84' lang='lat' dir='ltr'>nimboso</span> 
     </span>
     <span class='ocr_line' id='line_1_10' title="bbox 48 1266 1423 1396; baseline 0 -68"><span class='ocrx_word' id='word_1_65' title='bbox 48 1283 55 1396; x_wconf 42' lang='lat' dir='ltr'>f</span> <span class='ocrx_word' id='word_1_66' title='bbox 144 1266 292 1334; x_wconf 87' lang='lat' dir='ltr'>Vere</span> <span class='ocrx_word' id='word_1_67' title='bbox 319 1268 612 1352; x_wconf 85' lang='lat' dir='ltr'>loquuturi</span> <span class='ocrx_word' id='word_1_68' title='bbox 643 1267 828 1332; x_wconf 84' lang='lat' dir='ltr'>satum</span> <span class='ocrx_word' id='word_1_69' title='bbox 857 1268 1160 1352; x_wconf 82' lang='lat' dir='ltr'>pendebat</span> <span class='ocrx_word' id='word_1_70' title='bbox 1189 1267 1365 1330; x_wconf 81' lang='lat' dir='ltr'>amici</span> <span class='ocrx_word' id='word_1_71' title='bbox 1395 1266 1423 1328; x_wconf 84' lang='lat'><em>?</em></span> 
     </span>
     <span class='ocr_line' id='line_1_11' title="bbox 48 1372 1521 1458; baseline -0.001 -22"><span class='ocrx_word' id='word_1_72' title='bbox 48 1399 51 1458; x_wconf 60' lang='lat' dir='ltr'>g</span> <span class='ocrx_word' id='word_1_73' title='bbox 143 1373 240 1436; x_wconf 91' lang='lat' dir='ltr'>Ille</span> <span class='ocrx_word' id='word_1_74' title='bbox 267 1374 436 1458; x_wconf 84' lang='lat' dir='ltr'>igitur</span> <span class='ocrx_word' id='word_1_75' title='bbox 461 1393 766 1457; x_wconf 86' lang='lat' dir='ltr'>nunquam</span> <span class='ocrx_word' id='word_1_76' title='bbox 799 1373 1016 1438; x_wconf 80' lang='lat' dir='ltr'>direxit</span> <span class='ocrx_word' id='word_1_77' title='bbox 1043 1372 1287 1436; x_wconf 83' lang='lat' dir='ltr'>brachia</span> <span class='ocrx_word' id='word_1_78' title='bbox 1315 1385 1521 1438; x_wconf 79' lang='lat' dir='ltr'>eontra</span> 
     </span>
     <span class='ocr_line' id='line_1_12' title="bbox 48 1474 1615 1559; baseline 0.001 -22"><span class='ocrx_word' id='word_1_79' title='bbox 48 1523 51 1548; x_wconf 83' lang='grc'>,</span> <span class='ocrx_word' id='word_1_80' title='bbox 141 1474 482 1540; x_wconf 84' lang='lat' dir='ltr'>Torrentem</span> <span class='ocrx_word' id='word_1_81' title='bbox 509 1497 530 1553; x_wconf 82' lang='lat'><em>3</em></span> <span class='ocrx_word' id='word_1_82' title='bbox 573 1497 688 1538; x_wconf 87' lang='lat' dir='ltr'>nec</span> <span class='ocrx_word' id='word_1_83' title='bbox 715 1474 862 1538; x_wconf 83' lang='lat' dir='ltr'>civis</span> <span class='ocrx_word' id='word_1_84' title='bbox 891 1487 1038 1551; x_wconf 87' lang='lat' dir='ltr'>erat,</span> <span class='ocrx_word' id='word_1_85' title='bbox 1067 1475 1168 1559; x_wconf 90' lang='lat' dir='ltr'>qui</span> <span class='ocrx_word' id='word_1_86' title='bbox 1197 1475 1383 1540; x_wconf 85' lang='lat' dir='ltr'>libera</span> <span class='ocrx_word' id='word_1_87' title='bbox 1413 1489 1615 1559; x_wconf 81' lang='lat' dir='ltr'>posset</span> 
     </span>
    </p>

    <p class='ocr_par' dir='ltr' id='par_1_6' title="bbox 48 1578 2073 1874">
     <span class='ocr_line' id='line_1_13' title="bbox 139 1578 2073 1664; baseline 0.001 -22"><span class='ocrx_word' id='word_1_88' title='bbox 139 1578 328 1644; x_wconf 83' lang='lat' dir='ltr'>Verba</span> <span class='ocrx_word' id='word_1_89' title='bbox 357 1581 534 1644; x_wconf 86' lang='lat' dir='ltr'>animi</span> <span class='ocrx_word' id='word_1_90' title='bbox 565 1578 850 1664; x_wconf 81' lang='lat' dir='ltr'>proferre,</span> <span class='ocrx_word' id='word_1_91' title='bbox 879 1594 940 1643; x_wconf 90' lang='lat' dir='ltr'>et</span> <span class='ocrx_word' id='word_1_92' title='bbox 969 1580 1146 1644; x_wconf 86' lang='lat' dir='ltr'>vitam</span> <span class='ocrx_word' id='word_1_93' title='bbox 1177 1580 1531 1664; x_wconf 87' lang='lat' dir='ltr'>impendere</span> <span class='ocrx_word' id='word_1_94' title='bbox 1558 1602 1725 1644; x_wconf 80' lang='lat' dir='ltr'>vere.</span> <span class='ocrx_word' id='word_1_95' title='bbox 1988 1586 2073 1646; x_wconf 85' lang='grc'>90</span> 
     </span>
     <span class='ocr_line' id='line_1_14' title="bbox 48 1671 1501 1796; baseline -0.001 -47"><span class='ocrx_word' id='word_1_96' title='bbox 48 1671 51 1796; x_wconf 58' lang='lat' dir='ltr'><strong>j</strong></span> <span class='ocrx_word' id='word_1_97' title='bbox 140 1685 234 1749; x_wconf 85' lang='lat' dir='ltr'>Sic</span> <span class='ocrx_word' id='word_1_98' title='bbox 263 1687 470 1750; x_wconf 82' lang='lat' dir='ltr'>multas</span> <span class='ocrx_word' id='word_1_99' title='bbox 497 1686 730 1748; x_wconf 88' lang='lat' dir='ltr'>hiemes</span> <span class='ocrx_word' id='word_1_100' title='bbox 757 1699 936 1768; x_wconf 89' lang='lat' dir='ltr'>atque</span> <span class='ocrx_word' id='word_1_101' title='bbox 964 1685 1331 1770; x_wconf 82' lang='lat' dir='ltr'>octogesima</span> <span class='ocrx_word' id='word_1_102' title='bbox 1360 1686 1501 1748; x_wconf 83' lang='lat' dir='ltr'>vidit</span> 
     </span>
     <span class='ocr_line' id='line_1_15' title="bbox 48 1789 1637 1874; baseline 0.001 -23"><span class='ocrx_word' id='word_1_103' title='bbox 48 1851 51 1860; x_wconf 79' lang='grc'><strong>,</strong></span> <span class='ocrx_word' id='word_1_104' title='bbox 138 1789 376 1854; x_wconf 86' lang='lat' dir='ltr'>Solstitia</span> <span class='ocrx_word' id='word_1_105' title='bbox 399 1814 420 1870; x_wconf 86' lang='lat'>3</span> <span class='ocrx_word' id='word_1_106' title='bbox 463 1791 552 1853; x_wconf 88' lang='lat' dir='ltr'>his</span> <span class='ocrx_word' id='word_1_107' title='bbox 584 1789 782 1866; x_wconf 80' lang='lat' dir='ltr'>armis,</span> <span class='ocrx_word' id='word_1_108' title='bbox 811 1789 910 1854; x_wconf 66' lang='lat' dir='ltr'>illa</span> <span class='ocrx_word' id='word_1_109' title='bbox 937 1811 1174 1874; x_wconf 88' lang='lat' dir='ltr'>quoque</span> <span class='ocrx_word' id='word_1_110' title='bbox 1205 1805 1365 1853; x_wconf 87' lang='lat' dir='ltr'>tutus</span> <span class='ocrx_word' id='word_1_111' title='bbox 1392 1789 1449 1852; x_wconf 87' lang='lat' dir='ltr'>in</span> <span class='ocrx_word' id='word_1_112' title='bbox 1480 1789 1637 1853; x_wconf 66' lang='lat' dir='ltr'>aula.</span> 
     </span>
    </p>

    <p class='ocr_par' dir='ltr' id='par_1_7' title="bbox 137 1893 1535 1980">
     <span class='ocr_line' id='line_1_16' title="bbox 137 1893 1535 1980; baseline 0 -23"><span class='ocrx_word' id='word_1_113' title='bbox 137 1893 446 1961; x_wconf 86' lang='lat' dir='ltr'>Proximus</span> <span class='ocrx_word' id='word_1_114' title='bbox 473 1894 748 1980; x_wconf 88' lang='lat' dir='ltr'>ejusdem</span> <span class='ocrx_word' id='word_1_115' title='bbox 777 1897 1136 1979; x_wconf 82' lang='lat' dir='ltr'>properabat</span> <span class='ocrx_word' id='word_1_116' title='bbox 1165 1895 1397 1959; x_wconf 82' lang='lat' dir='ltr'>Acilius</span> <span class='ocrx_word' id='word_1_117' title='bbox 1426 1897 1535 1959; x_wconf 79' lang='lat' dir='ltr'>aevi</span> 
     </span>
    </p>

    <p class='ocr_par' dir='ltr' id='par_1_8' title="bbox 48 1999 2065 2611">
     <span class='ocr_line' id='line_1_17' title="bbox 133 1999 1913 2086; baseline 0.002 -23"><span class='ocrx_word' id='word_1_118' title='bbox 133 1999 282 2064; x_wconf 92' lang='lat' dir='ltr'>Cum</span> <span class='ocrx_word' id='word_1_119' title='bbox 301 2002 550 2086; x_wconf 89' lang='lat' dir='ltr'>juvene,</span> <span class='ocrx_word' id='word_1_120' title='bbox 578 1999 840 2083; x_wconf 84' lang='lat' dir='ltr'>indigno,</span> <span class='ocrx_word' id='word_1_121' title='bbox 871 2022 1052 2084; x_wconf 90' lang='lat' dir='ltr'>quem</span> <span class='ocrx_word' id='word_1_122' title='bbox 1085 2021 1245 2063; x_wconf 88' lang='lat' dir='ltr'>mors</span> <span class='ocrx_word' id='word_1_123' title='bbox 1274 2014 1393 2063; x_wconf 85' lang='lat' dir='ltr'>tam</span> <span class='ocrx_word' id='word_1_124' title='bbox 1425 2021 1598 2064; x_wconf 80' lang='lat' dir='ltr'>saeva</span> <span class='ocrx_word' id='word_1_125' title='bbox 1628 2016 1913 2079; x_wconf 86' lang='lat' dir='ltr'>maneret,</span> 
     </span>
     <span class='ocr_line' id='line_1_18' title="bbox 48 2102 2065 2191; baseline 0.002 -25"><span class='ocrx_word' id='word_1_126' title='bbox 48 2186 50 2191; x_wconf 88' lang='lat'>.</span> <span class='ocrx_word' id='word_1_127' title='bbox 133 2102 206 2169; x_wconf 90' lang='lat' dir='ltr'>Et</span> <span class='ocrx_word' id='word_1_128' title='bbox 230 2104 454 2169; x_wconf 88' lang='lat' dir='ltr'>domini</span> <span class='ocrx_word' id='word_1_129' title='bbox 483 2104 692 2187; x_wconf 85' lang='lat' dir='ltr'>gladiis</span> <span class='ocrx_word' id='word_1_130' title='bbox 721 2118 842 2169; x_wconf 81' lang='lat' dir='ltr'>tam</span> <span class='ocrx_word' id='word_1_131' title='bbox 871 2104 1176 2169; x_wconf 83' lang='lat' dir='ltr'>festinata:</span> <span class='ocrx_word' id='word_1_132' title='bbox 1222 2105 1330 2169; x_wconf 89' lang='lat' dir='ltr'>sed</span> <span class='ocrx_word' id='word_1_133' title='bbox 1360 2105 1501 2169; x_wconf 89' lang='lat' dir='ltr'>olim</span> <span class='ocrx_word' id='word_1_134' title='bbox 1983 2110 2065 2171; x_wconf 80' lang='lat'>95</span> 
     </span>
     <span class='ocr_line' id='line_1_19' title="bbox 48 2206 1491 2299; baseline 0.003 -29"><span class='ocrx_word' id='word_1_135' title='bbox 48 2244 51 2299; x_wconf 41' lang='grc' dir='ltr'>ρ</span> <span class='ocrx_word' id='word_1_136' title='bbox 126 2206 400 2295; x_wconf 85' lang='lat' dir='ltr'>Prodigio</span> <span class='ocrx_word' id='word_1_137' title='bbox 429 2232 536 2295; x_wconf 86' lang='lat' dir='ltr'>par</span> <span class='ocrx_word' id='word_1_138' title='bbox 565 2224 656 2273; x_wconf 89' lang='lat' dir='ltr'>est</span> <span class='ocrx_word' id='word_1_139' title='bbox 683 2232 822 2275; x_wconf 83' lang='lat' dir='ltr'>cum</span> <span class='ocrx_word' id='word_1_140' title='bbox 851 2210 1146 2276; x_wconf 89' lang='lat' dir='ltr'>nobilitate</span> <span class='ocrx_word' id='word_1_141' title='bbox 1175 2225 1491 2292; x_wconf 84' lang='lat' dir='ltr'>senectus3</span> 
     </span>
     <span class='ocr_line' id='line_1_20' title="bbox 129 2312 1571 2399; baseline 0.002 -22.84"><span class='ocrx_word' id='word_1_142' title='bbox 129 2312 297 2378; x_wconf 91' lang='lat' dir='ltr'>Unde</span> <span class='ocrx_word' id='word_1_143' title='bbox 326 2316 411 2391; x_wconf 84' lang='lat' dir='ltr'>fit,</span> <span class='ocrx_word' id='word_1_144' title='bbox 443 2329 504 2378; x_wconf 90' lang='lat' dir='ltr'>ut</span> <span class='ocrx_word' id='word_1_145' title='bbox 535 2316 736 2377; x_wconf 88' lang='lat' dir='ltr'>malim</span> <span class='ocrx_word' id='word_1_146' title='bbox 765 2315 1114 2379; x_wconf 83' lang='lat' dir='ltr'>fraterculus</span> <span class='ocrx_word' id='word_1_147' title='bbox 1141 2338 1275 2378; x_wconf 87' lang='lat' dir='ltr'>esse</span> <span class='ocrx_word' id='word_1_148' title='bbox 1304 2317 1571 2399; x_wconf 69' lang='lat' dir='ltr'>gigantis„</span> 
     </span>
     <span class='ocr_line' id='line_1_21' title="bbox 48 2388 1641 2521; baseline 0.004 -42"><span class='ocrx_word' id='word_1_149' title='bbox 48 2388 53 2521; x_wconf 51' lang='lat' dir='ltr'><strong>f</strong></span> <span class='ocrx_word' id='word_1_150' title='bbox 129 2416 344 2483; x_wconf 82' lang='lat' dir='ltr'>Profuit</span> <span class='ocrx_word' id='word_1_151' title='bbox 373 2440 517 2502; x_wconf 88' lang='lat' dir='ltr'>ergo</span> <span class='ocrx_word' id='word_1_152' title='bbox 545 2420 686 2483; x_wconf 88' lang='lat' dir='ltr'>nihil</span> <span class='ocrx_word' id='word_1_153' title='bbox 716 2421 952 2497; x_wconf 80' lang='lat' dir='ltr'>misem,</span> <span class='ocrx_word' id='word_1_154' title='bbox 985 2418 1144 2503; x_wconf 74' lang='lat' dir='ltr'>quod</span> <span class='ocrx_word' id='word_1_155' title='bbox 1173 2420 1445 2483; x_wconf 87' lang='lat' dir='ltr'>cominus</span> <span class='ocrx_word' id='word_1_156' title='bbox 1473 2440 1641 2485; x_wconf 87' lang='lat' dir='ltr'>ursos</span> 
     </span>
     <span class='ocr_line' id='line_1_22' title="bbox 48 2520 1417 2611; baseline 0.004 -28"><span class='ocrx_word' id='word_1_157' title='bbox 48 2542 51 2609; x_wconf 43' lang='grc' dir='ltr'>ζ</span> <span class='ocrx_word' id='word_1_158' title='bbox 129 2520 370 2611; x_wconf 85' lang='lat' dir='ltr'>Figebat</span> <span class='ocrx_word' id='word_1_159' title='bbox 399 2524 716 2602; x_wconf 80' lang='lat' dir='ltr'>NumidaS,</span> <span class='ocrx_word' id='word_1_160' title='bbox 745 2523 984 2588; x_wconf 62' lang='lat' dir='ltr'>Albana</span> <span class='ocrx_word' id='word_1_161' title='bbox 1011 2526 1204 2588; x_wconf 87' lang='lat' dir='ltr'>nudus</span> <span class='ocrx_word' id='word_1_162' title='bbox 1236 2524 1417 2589; x_wconf 64' lang='lat' dir='ltr'>arena</span> 
     </span>
    </p>

    <p class='ocr_par' dir='ltr' id='par_1_9' title="bbox 48 2623 2059 3131">
     <span class='ocr_line' id='line_1_23' title="bbox 125 2623 2059 2715; baseline 0.003 -24"><span class='ocrx_word' id='word_1_163' title='bbox 125 2623 400 2693; x_wconf 84' lang='lat' dir='ltr'>Venator.</span> <span class='ocrx_word' id='word_1_164' title='bbox 491 2627 650 2701; x_wconf 84' lang='lat' dir='ltr'>Quis</span> <span class='ocrx_word' id='word_1_165' title='bbox 679 2629 836 2691; x_wconf 89' lang='lat' dir='ltr'>enim</span> <span class='ocrx_word' id='word_1_166' title='bbox 855 2629 986 2715; x_wconf 87' lang='lat' dir='ltr'>jam</span> <span class='ocrx_word' id='word_1_167' title='bbox 1017 2652 1134 2693; x_wconf 86' lang='lat' dir='ltr'>non</span> <span class='ocrx_word' id='word_1_168' title='bbox 1163 2630 1445 2715; x_wconf 84' lang='lat' dir='ltr'>intelligat</span> <span class='ocrx_word' id='word_1_169' title='bbox 1474 2648 1629 2697; x_wconf 81' lang='lat' dir='ltr'>artes</span> <span class='ocrx_word' id='word_1_170' title='bbox 1936 2641 2059 2699; x_wconf 86' lang='lat'>100</span> 
     </span>
     <span class='ocr_line' id='line_1_24' title="bbox 48 2728 1669 2817; baseline 0.006 -26"><span class='ocrx_word' id='word_1_171' title='bbox 48 2810 50 2813; x_wconf 10' lang='lat' dir='ltr'>y</span> <span class='ocrx_word' id='word_1_172' title='bbox 124 2728 451 2797; x_wconf 85' lang='lat' dir='ltr'>Patricias?</span> <span class='ocrx_word' id='word_1_173' title='bbox 498 2734 628 2817; x_wconf 82' lang='lat' dir='ltr'>quis</span> <span class='ocrx_word' id='word_1_174' title='bbox 657 2734 915 2817; x_wconf 84' lang='lat' dir='ltr'>priscum</span> <span class='ocrx_word' id='word_1_175' title='bbox 943 2734 1086 2797; x_wconf 89' lang='lat' dir='ltr'>illud</span> <span class='ocrx_word' id='word_1_176' title='bbox 1116 2736 1669 2815; x_wconf 69' lang='lat' dir='ltr'>mireturaeumen,</span> 
     </span>
     <span class='ocr_line' id='line_1_25' title="bbox 48 2820 1728 2927; baseline 0.006 -33"><span class='ocrx_word' id='word_1_177' title='bbox 48 2820 51 2861; x_wconf 64' lang='lat'>³</span> <span class='ocrx_word' id='word_1_178' title='bbox 123 2832 318 2915; x_wconf 88' lang='lat' dir='ltr'>Brute,</span> <span class='ocrx_word' id='word_1_179' title='bbox 353 2852 518 2901; x_wconf 87' lang='lat' dir='ltr'>tuum</span> <span class='ocrx_word' id='word_1_180' title='bbox 544 2837 571 2900; x_wconf 82' lang='lat'><em>?</em></span> <span class='ocrx_word' id='word_1_181' title='bbox 618 2836 824 2901; x_wconf 88' lang='lat' dir='ltr'>Facile</span> <span class='ocrx_word' id='word_1_182' title='bbox 855 2853 942 2903; x_wconf 87' lang='lat' dir='ltr'>est</span> <span class='ocrx_word' id='word_1_183' title='bbox 971 2840 1215 2903; x_wconf 80' lang='lat' dir='ltr'>barbato</span> <span class='ocrx_word' id='word_1_184' title='bbox 1244 2841 1551 2925; x_wconf 80' lang='lat' dir='ltr'>imponere</span> <span class='ocrx_word' id='word_1_185' title='bbox 1581 2844 1728 2927; x_wconf 85' lang='lat' dir='ltr'>regi.</span> 
     </span>
     <span class='ocr_line' id='line_1_26' title="bbox 48 2936 1455 3059; baseline 0.006 -59"><span class='ocrx_word' id='word_1_186' title='bbox 48 2962 52 3059; x_wconf 45' lang='grc' dir='ltr'>ἱ</span> <span class='ocrx_word' id='word_1_187' title='bbox 121 2936 246 3006; x_wconf 85' lang='lat' dir='ltr'>Nee</span> <span class='ocrx_word' id='word_1_188' title='bbox 275 2944 487 3005; x_wconf 86' lang='lat' dir='ltr'>melior</span> <span class='ocrx_word' id='word_1_189' title='bbox 513 2942 694 3020; x_wconf 82' lang='lat' dir='ltr'>vultu,</span> <span class='ocrx_word' id='word_1_190' title='bbox 726 2944 991 3027; x_wconf 83' lang='lat' dir='ltr'>quamvis</span> <span class='ocrx_word' id='word_1_191' title='bbox 1017 2944 1303 3028; x_wconf 85' lang='lat' dir='ltr'>ignobilis,</span> <span class='ocrx_word' id='word_1_192' title='bbox 1334 2946 1455 3009; x_wconf 83' lang='lat' dir='ltr'>ibat</span> 
     </span>
     <span class='ocr_line' id='line_1_27' title="bbox 48 3039 1601 3131; baseline 0.005 -26"><span class='ocrx_word' id='word_1_193' title='bbox 48 3066 50 3075; x_wconf 93' lang='lat'><em>·</em></span> <span class='ocrx_word' id='word_1_194' title='bbox 123 3039 395 3123; x_wconf 73' lang='lat' dir='ltr'>Rubrius,</span> <span class='ocrx_word' id='word_1_195' title='bbox 425 3046 664 3110; x_wconf 85' lang='lat' dir='ltr'>offensae</span> <span class='ocrx_word' id='word_1_196' title='bbox 697 3048 912 3111; x_wconf 84' lang='lat' dir='ltr'>veteris</span> <span class='ocrx_word' id='word_1_197' title='bbox 939 3070 1076 3110; x_wconf 88' lang='lat' dir='ltr'>reus</span> <span class='ocrx_word' id='word_1_198' title='bbox 1105 3064 1284 3131; x_wconf 87' lang='lat' dir='ltr'>atque</span> <span class='ocrx_word' id='word_1_199' title='bbox 1313 3050 1601 3126; x_wconf 84' lang='lat' dir='ltr'>taeendae,</span> 
     </span>
    </p>

    <p class='ocr_par' dir='ltr' id='par_1_10' title="bbox 123 3143 2051 3235">
     <span class='ocr_line' id='line_1_28' title="bbox 123 3143 2051 3235; baseline 0.005 -28"><span class='ocrx_word' id='word_1_200' title='bbox 123 3143 197 3210; x_wconf 83' lang='lat' dir='ltr'>Et</span> <span class='ocrx_word' id='word_1_201' title='bbox 223 3166 421 3215; x_wconf 84' lang='lat' dir='ltr'>tamen</span> <span class='ocrx_word' id='word_1_202' title='bbox 451 3152 772 3235; x_wconf 80' lang='lat' dir='ltr'>improbior</span> <span class='ocrx_word' id='word_1_203' title='bbox 802 3153 1038 3215; x_wconf 84' lang='lat' dir='ltr'>satiram</span> <span class='ocrx_word' id='word_1_204' title='bbox 1067 3153 1363 3216; x_wconf 83' lang='lat' dir='ltr'>scribe-nte</span> <span class='ocrx_word' id='word_1_205' title='bbox 1392 3154 1640 3218; x_wconf 85' lang='lat' dir='ltr'>cinaedo.</span> <span class='ocrx_word' id='word_1_206' title='bbox 1930 3166 2051 3223; x_wconf 84' lang='lat'>105</span> 
     </span>
    </p>

    <p class='ocr_par' dir='ltr' id='par_1_11' title="bbox 123 3246 1701 3341">
     <span class='ocr_line' id='line_1_29' title="bbox 123 3246 1701 3341; baseline 0.008 -29"><span class='ocrx_word' id='word_1_207' title='bbox 123 3246 376 3319; x_wconf 83' lang='lat' dir='ltr'>Montani</span> <span class='ocrx_word' id='word_1_208' title='bbox 409 3277 646 3339; x_wconf 86' lang='lat' dir='ltr'>quoque</span> <span class='ocrx_word' id='word_1_209' title='bbox 677 3269 882 3320; x_wconf 86' lang='lat' dir='ltr'>venter</span> <span class='ocrx_word' id='word_1_210' title='bbox 911 3258 1081 3321; x_wconf 83' lang='lat' dir='ltr'>adest</span> <span class='ocrx_word' id='word_1_211' title='bbox 1109 3258 1427 3321; x_wconf 86' lang='lat' dir='ltr'>abdomine</span> <span class='ocrx_word' id='word_1_212' title='bbox 1456 3261 1657 3323; x_wconf 86' lang='lat' dir='ltr'>tardus</span> <span class='ocrx_word' id='word_1_213' title='bbox 1680 3284 1701 3341; x_wconf 90' lang='lat'>;</span> 
     </span>
    </p>

    <p class='ocr_par' dir='ltr' id='par_1_12' title="bbox 125 3350 1381 3445">
     <span class='ocr_line' id='line_1_30' title="bbox 125 3350 1381 3445; baseline 0.006 -27"><span class='ocrx_word' id='word_1_214' title='bbox 125 3350 196 3417; x_wconf 87' lang='lat' dir='ltr'>Et</span> <span class='ocrx_word' id='word_1_215' title='bbox 222 3362 506 3423; x_wconf 87' lang='lat' dir='ltr'>matutino</span> <span class='ocrx_word' id='word_1_216' title='bbox 535 3361 756 3423; x_wconf 85' lang='lat' dir='ltr'>sudans</span> <span class='ocrx_word' id='word_1_217' title='bbox 784 3360 1091 3445; x_wconf 86' lang='lat' dir='ltr'>Crispinus</span> <span class='ocrx_word' id='word_1_218' title='bbox 1121 3382 1381 3439; x_wconf 81' lang='lat' dir='ltr'>amomO,</span> 
     </span>
    </p>
   </div>
   <div class='ocr_carea' id='block_1_3' title="bbox 126 3456 1649 3631">
    <p class='ocr_par' dir='ltr' id='par_1_13' title="bbox 126 3456 1649 3631">
     <span class='ocr_line' id='line_1_31' title="bbox 126 3456 1649 3547; baseline 0 -16"><span class='ocrx_word' id='word_1_219' title='bbox 126 3456 414 3531; x_wconf 74' lang='lat' dir='ltr'>Quantum</span> <span class='ocrx_word' id='word_1_220' title='bbox 445 3466 546 3529; x_wconf 85' lang='lat' dir='ltr'>vix</span> <span class='ocrx_word' id='word_1_221' title='bbox 577 3465 846 3529; x_wconf 88' lang='lat' dir='ltr'>redolent</span> <span class='ocrx_word' id='word_1_222' title='bbox 876 3466 998 3529; x_wconf 91' lang='lat' dir='ltr'>duo</span> <span class='ocrx_word' id='word_1_223' title='bbox 1025 3464 1233 3529; x_wconf 85' lang='lat' dir='ltr'>funera</span> <span class='ocrx_word' id='word_1_224' title='bbox 1250 3490 1273 3547; x_wconf 84' lang='lat'><em>3</em></span> <span class='ocrx_word' id='word_1_225' title='bbox 1318 3469 1523 3531; x_wconf 82' lang='lat' dir='ltr'>saevior</span> <span class='ocrx_word' id='word_1_226' title='bbox 1550 3469 1649 3534; x_wconf 85' lang='lat' dir='ltr'>illo</span> 
     </span>
     <span class='ocr_line' id='line_1_32' title="bbox 837 3574 879 3631; baseline 0 0"><span class='ocrx_word' id='word_1_227' title='bbox 837 3574 879 3631; x_wconf 83' lang='lat'><strong>3</strong></span> 
     </span>
    </p>
   </div>
  </div>
 </body>
</html>
