2411 3890
970 244 1218 297 SATIRA
1255 246 1396 295 XVI.
2040 250 2162 311 127

200 393 519 456 Consensu
550 412 765 474 magno
796 392 1078 468 efficiunt,
1107 394 1381 458 curabilis
1410 406 1474 456 ut
1500 394 1574 457 sit

195 495 477 559 Vindicta
510 510 569 559 et
598 496 849 579 gravior,
878 496 1057 579 quam
1086 496 1316 581 injuria.
1407 496 1675 580 Dignum
1705 497 1816 563 erit
1843 516 1988 581 ergo

193 600 636 665 Declamatoris
665 600 885 663 mulino
914 601 1099 665 corde
1127 599 1384 687 Vagelli,

192 705 407 778 Quum
442 705 561 768 duo
590 726 763 767 crura
790 704 1031 781 habeas,
1062 706 1370 769 offendere
1400 719 1485 770 tot
1513 705 1752 790 caligas,
1783 719 1869 769 tot

187 808 385 871 Millia
413 809 737 873 clavorum.
826 807 981 881 Quis
1008 823 1128 873 tam
1159 812 1366 894 procul
1396 812 1546 875 absit
1573 813 1646 875 ab
1677 809 1892 875 Urbe?
2065 812 2154 872 25

190 913 497 977 Praeterea
526 914 655 996 quis
684 928 804 977 tam
835 913 1119 995 Pyladea,
1151 916 1373 977 molem
1404 915 1634 997 aggeris
1661 914 1814 977 ultra

186 1016 281 1081 Ut
309 1018 549 1081 veniat?
639 1018 955 1101 Lacrymae
986 1019 1282 1082 siccentur
1313 1033 1610 1101 protenus,
1641 1032 1702 1083 et
1729 1039 1794 1083 se

184 1121 605 1185 Excusaturos
630 1144 747 1185 non
778 1123 1157 1189 sollicitemus
1188 1123 1433 1185 amicos.

182 1227 293 1290 Da
322 1241 553 1302 testem,
575 1227 767 1311 judex
800 1247 983 1309 quum
1012 1224 1226 1297 dixerit
1253 1246 1269 1286 ε
1315 1224 1530 1289 audeat
1557 1225 1674 1302 ille,

181 1332 420 1395 Nescio
452 1331 596 1413 quiS,
628 1352 857 1413 pugnos
888 1330 989 1413 qui
1016 1330 1178 1405 vidit,
1211 1329 1434 1406 dicere,
1467 1328 1658 1394 Vidi?
2065 1333 2150 1393 30

182 1434 273 1497 Et
302 1435 546 1497 credam
578 1434 819 1516 dignum
850 1432 1053 1509 barba,
1086 1432 1446 1517 dignumque
1477 1434 1702 1518 capillis

178 1538 511 1622 Majorum.
604 1538 795 1603 Citius
824 1538 1033 1603 falsum
1066 1538 1400 1622 producere
1431 1553 1640 1602 testem

178 1643 415 1709 Contra
444 1664 741 1725 paganum
772 1644 975 1725 possis,
1008 1643 1183 1725 quam
1217 1664 1357 1705 vera
1385 1644 1726 1727 loquentem

179 1748 415 1811 Contra
445 1746 739 1809 fortunam
770 1747 973 1809 armati
1002 1761 1324 1829 contraque
1355 1748 1669 1831 pudorem.

271 1852 543 1914 Praemia
570 1874 728 1913 nunc
760 1851 891 1926 alia,
922 1864 1097 1933 atque
1129 1851 1240 1912 alia
1271 1851 1668 1913 emolumenta
1696 1862 1968 1912 notemus
2057 1853 2138 1910 35

179 1957 732 2023 sacramentorum.
825 1953 1177 2018 Convallem
1207 1953 1356 2015 ruris
1385 1953 1520 2014 aviti

176 2062 517 2144 ImprobuS‚
549 2074 647 2122 aut
675 2080 955 2142 campum
986 2058 1128 2120 mihi
1158 2058 1205 2120 si
1236 2057 1461 2120 vicinus
1491 2056 1730 2132 ademit,

176 2166 267 2229 Et
297 2187 530 2228 sacrum
562 2165 765 2226 effodit
794 2164 993 2226 medio
1024 2163 1101 2225 de
1133 2163 1315 2224 limite
1345 2184 1577 2239 saxum,

176 2271 371 2345 Quod
401 2293 537 2332 mea
566 2291 705 2332 cum
736 2270 931 2330 vetulo
960 2268 1141 2330 coluit
1168 2268 1301 2352 puls
1331 2289 1525 2329 annua
1552 2267 1672 2328 libo
1696 2289 1716 2342 ;

170 2376 431 2440 Debitor
458 2388 559 2437 aut
592 2386 857 2456 sumptos
884 2373 1072 2454 pergit
1100 2393 1218 2432 non
1247 2370 1501 2432 reddere
1530 2390 1824 2444 nummOS,
1989 2413 1998 2420 -
2051 2373 2135 2430 40

170 2480 355 2544 Vana
384 2478 733 2563 supervacui
762 2477 969 2540 dicens
995 2475 1386 2558 chirographa
1413 2473 1590 2557 ligni:

172 2585 641 2668 Exspectandus
672 2583 799 2659 erit,
832 2583 931 2664 qui
958 2581 1087 2644 lites
1117 2581 1374 2656 inchoet,
1406 2601 1591 2642 annus

168 2691 391 2755 Totius
420 2688 655 2772 populi:
700 2689 807 2750 sed
836 2701 975 2750 tunc
1006 2706 1241 2770 quoque
1272 2687 1429 2748 mille
1459 2685 1704 2748 serenda

165 2795 409 2870 Taedia,
441 2794 597 2856 mille
630 2813 845 2871 morae3
888 2791 1061 2854 toties
1088 2791 1362 2852 subsellia
1387 2789 1614 2851 tantum

170 2901 530 2964 Sternuntur
547 2922 567 2978 ;
601 2898 731 2983 jam
761 2895 1017 2960 facundo
1050 2906 1303 2976 ponente
1332 2891 1599 2952 lacernas
2043 2893 2126 2948 45

166 3004 465 3079 Caedicio,
497 3015 557 3065 et
586 3001 789 3064 Fusco
807 3001 934 3085 jam
964 2994 1353 3069 micturiente,
1383 2991 1568 3075 parati

169 3109 562 3192 Digredimur
592 3106 867 3189 lentaque
897 3103 1005 3166 fori
1044 3120 1378 3185 pugnamus
1407 3095 1608 3159 arena.

173 3217 290 3278 Ast
316 3215 441 3290 inis,
474 3235 625 3296 quos
654 3233 820 3275 arma
847 3221 1051 3292 tegunt
1080 3219 1141 3269 et
1166 3205 1396 3268 balteus
1427 3201 1630 3277 ambit,

170 3320 359 3394 Quod
389 3321 671 3404 placitum
703 3329 793 3379 est
820 3315 977 3398 ipsis,
1008 3325 1310 3398 praestatur
1339 3324 1571 3392 tempus
1601 3307 1834 3392 agendi,

170 3427 237 3490 N
238 3447 311 3490 ec
340 3447 439 3490 res
470 3424 727 3489 atteritur
755 3423 931 3505 longo
960 3416 1285 3482 sufflamine
1313 3414 1444 3478 litis.
2039 3416 2121 3475 50
