2411 3890
296 280 417 339 110
942 272 1010 320 D.
1040 269 1230 323 JUNII
1259 271 1642 323 JUVENALIs

286 422 373 488 Ut
408 445 525 487 non
554 436 643 486 ter
674 421 875 485 decies
902 422 1202 505 respiret?
1291 421 1556 485 Conscia
1585 421 1754 485 matri

282 528 469 613 Virgo
498 528 643 591 fuit:
685 548 857 590 ceras
884 548 1041 590 nunc
1071 527 1187 589 hac
1219 527 1476 590 dictante
1505 527 1744 610 pusillas

280 634 513 718 Implet,
544 648 605 695 et
632 633 710 696 ad
743 634 1015 695 moechos
1046 632 1147 694 dat
1176 631 1408 695 eisdem
1439 631 1594 695 ferre
1623 630 1887 695 cinaedis.
2151 634 2234 694 30

283 739 386 802 Sic
415 752 622 801 natura
642 738 852 822 jubet:
896 736 1160 801 velocius
1188 750 1250 799 et
1279 736 1452 799 citius
1479 758 1589 800 nos

279 843 685 927 Corrumpunt
712 844 983 906 vitiorum
1014 844 1294 926 exempla
1323 843 1674 919 domestica,
1705 844 1934 927 magnis

277 950 487 1023 Quum
518 952 769 1013 subeunt
798 950 1023 1013 animos
1052 950 1411 1013 auctoribus.
1502 948 1675 1013 Unus
1705 964 1766 1012 et
1795 950 1940 1012 alter

277 1055 549 1119 Forsitan
580 1056 709 1118 haeo
740 1068 1019 1138 spernant
1040 1054 1312 1139 juveneS,
1345 1055 1558 1138 quibus
1589 1068 1712 1117 arte
1741 1054 2000 1139 benigna

276 1162 363 1226 Et
390 1162 633 1225 meliore
666 1160 790 1223 luto
818 1161 987 1223 finxit
1015 1160 1341 1245 praecordia
1367 1160 1587 1222 Titan:
2151 1163 2230 1223 35

277 1268 404 1331 Sed
434 1268 691 1351 reliquos
720 1265 1000 1349 fugienda
1030 1281 1264 1349 patrum
1294 1266 1536 1347 vestigia
1566 1265 1810 1341 ducunt,

275 1372 361 1437 Et
390 1386 709 1435 monstrata
739 1371 837 1433 diu
870 1371 1083 1434 veteris
1110 1371 1288 1433 trahit
1313 1371 1498 1432 orbita
1528 1372 1741 1454 culpae.

274 1478 590 1540 Abstineas
619 1476 790 1558 igitur
820 1475 1171 1537 damnandis
1196 1497 1214 1535 τ
1259 1474 1430 1559 hujus
1461 1476 1618 1538 enim
1649 1477 1744 1538 vel

271 1580 413 1643 Una
440 1593 651 1664 potens
680 1578 826 1640 ratio
856 1592 963 1653 est,
994 1600 1070 1640 ne
1102 1579 1348 1641 crimina
1374 1594 1572 1643 nostra
1601 1595 1917 1665 sequantur

274 1686 377 1749 Ex
408 1684 575 1747 nobis
604 1682 820 1767 geniti3
866 1684 1141 1767 quoniam
1174 1684 1396 1747 dociles
1425 1686 1722 1749 imitandis
2145 1696 2230 1753 40

272 1790 576 1874 Turpibus
604 1811 677 1851 ac
706 1789 901 1872 pravis
930 1810 1138 1852 omnes
1168 1810 1370 1853 sumus
1393 1812 1413 1868 3
1473 1806 1532 1853 et
1560 1791 1877 1855 Catilinam

273 1896 654 1981 Quocunque
685 1895 741 1958 in
774 1896 992 1980 populo
1020 1895 1244 1973 videas,
1279 1918 1636 1982 quocunque
1667 1898 1776 1963 sub
1807 1920 1967 1979 axe3

272 2003 397 2066 Sed
429 2024 542 2065 nec
573 2001 796 2064 Brutus
826 2003 954 2077 erit,
985 2001 1159 2064 Bruti
1188 2025 1304 2064 nec
1335 2004 1658 2066 avunculus
1689 2025 1962 2087 usquam.

268 2109 373 2171 Nil
405 2108 564 2170 dictu
596 2105 825 2168 soedum
854 2107 1101 2188 visuque
1132 2109 1260 2169 haec
1291 2107 1491 2169 limina
1521 2121 1739 2190 tangat,

262 2197 429 2292 Intra,
452 2234 579 2296 quae
608 2233 758 2296 puer
788 2225 897 2274 est.
988 2211 1214 2275 Procul
1241 2212 1398 2289 hinc,
1429 2215 1635 2296 procul
1663 2214 1801 2276 inde
1831 2217 2042 2299 puellae
2136 2223 2216 2281 45

260 2318 576 2382 Lenonum
610 2331 669 2380 et
696 2332 904 2381 cantus
933 2319 1328 2402 pernoctantis
1358 2319 1612 2402 parasiti.

261 2425 533 2486 Maxima
557 2423 807 2486 debetur
835 2446 1021 2507 puero
1050 2425 1396 2488 reverentia.
1492 2424 1558 2485 Si
1589 2425 1730 2507 quid

258 2527 467 2610 Turpe
496 2548 689 2609 paras,
720 2548 796 2588 ne
825 2539 887 2588 tu
916 2529 1091 2609 pueri·
1115 2528 1544 2609 contempseris
1575 2549 1760 2593 annos
1786 2552 1801 2590 ε

260 2631 385 2694 Sed
418 2642 738 2713 peccaturo
766 2630 959 2692 obstet
986 2630 1087 2692 tibi
1112 2621 1269 2693 filius
1297 2630 1506 2694 infans.

255 2735 418 2800 Nam
451 2735 499 2799 si
530 2735 670 2819 quid
702 2734 943 2818 dignum
975 2735 1240 2798 censoris
1261 2734 1468 2800 fecerit
1495 2738 1583 2800 ira
2133 2748 2214 2805 50

254 2842 659 2926 Quandoque,
690 2854 750 2903 et
780 2839 1033 2903 similem
1062 2841 1163 2904 tibi
1194 2833 1404 2905 senon
1435 2864 1686 2926 corpore
1713 2845 1938 2908 tantum

254 2948 392 3011 Nec
423 2948 583 3010 vultu
616 2947 867 3023 dederit,
900 2967 1132 3009 morum
1164 2969 1402 3031 quoque
1431 2947 1603 3025 filius,
1635 2962 1695 3011 et
1725 2949 1822 3034 qui

253 3051 474 3113 Omnia
505 3051 764 3114 deterius
793 3066 894 3115 tua
923 3073 1030 3134 per
1058 3054 1305 3136 vestigia
1333 3068 1567 3136 peccet,

252 3154 560 3238 Corripies
589 3156 863 3218 nimirum
894 3170 953 3218 et
982 3157 1296 3239 castigabis
1324 3159 1544 3225 acerbo
2098 3237 2112 3246 ·

250 3262 561 3336 Clamore,
589 3279 663 3321 ac
691 3274 827 3342 post
856 3262 984 3324 haec
1012 3262 1242 3323 tabulas
1271 3275 1500 3322 mutare
1530 3264 1787 3344 parabis.
2127 3273 2209 3330 55

248 3366 432 3429 Unde
464 3365 562 3428 tibi
594 3363 847 3427 frontem
877 3365 1327 3449 libertatemque
1353 3351 1634 3448 'parentia

246 3469 459 3544 Quum
488 3469 675 3533 facias
702 3468 907 3554 pejora
934 3489 1143 3546 senex,
1173 3491 1551 3553 vacuumque
1581 3475 1831 3536 cerebro
