2411 3890
237 279 320 340 γε
857 279 924 328 n.
955 277 1145 330 Jmm
1174 279 1558 331 mnurs

233 425 508 511 Agminis
536 427 751 504 officia,
783 441 842 491 et
867 429 1070 492 niveos
1093 429 1177 493 ad
1208 429 1387 494 fraena
1416 428 1702 504 Quirites,
2106 427 2199 488 45

231 531 490 596 Defossa
520 533 578 596 in
605 532 831 611 loculis,
863 555 1012 618 quos
1040 535 1298 619 sportula
1328 533 1469 597 fecit
1496 533 1742 596 amicos-

233 635 414 700 Tunc
445 659 682 722 quoque
711 639 1018 704 materiam
1047 639 1197 704 risus
1226 639 1445 702 invenit
1473 639 1546 702 ad
1576 657 1786 702 omnes

231 740 538 806 Occursus
565 744 893 821 hominum,
921 745 1091 830 cujus
1117 745 1431 829 prudentia
1458 756 1760 820 monstrat,

231 847 516 912 Summos
544 871 720 932 posse
748 851 924 926 viroS,
945 863 1008 914 et
1035 871 1251 934 magna
1280 849 1559 933 exempla
1590 849 1851 924 daturos,

228 951 568 1016 Vervecum
597 954 656 1016 in
687 955 874 1037 patria
899 976 1221 1039 crassoque
1252 955 1361 1018 sub
1392 956 1531 1016 aere
1560 953 1746 1016 nasci.
2098 957 2191 1014 50

229 1055 495 1121 Ridebat
523 1079 715 1135 curas,
745 1081 860 1122 nec
887 1081 1006 1122 non
1034 1073 1096 1122 et
1123 1059 1341 1143 gaudia
1367 1059 1545 1141 vulgi,

225 1151 530 1226 Interdum
561 1177 622 1227 et
648 1165 963 1249 lacrymas,
997 1185 1178 1248 quum
1210 1163 1486 1228 Fortunae
1516 1164 1643 1248 ipse
1674 1163 1891 1227 minaci

223 1265 540 1332 Mandat-et
568 1269 866 1353 laqueum,
899 1271 1285 1354 mediumque
1314 1269 1655 1334 ostenderet
1680 1287 1965 1352 unguem.

178 1371 190 1376 “
221 1369 391 1456 Ergo
419 1395 785 1458 supervacua
815 1377 943 1438 haec
975 1389 1075 1438 aut
1101 1375 1433 1460 perniciosa
1462 1387 1757 1458 petuntur,

218 1475 476 1562 Propter
506 1501 634 1564 quae
665 1480 754 1544 sas
783 1494 874 1543 est
901 1502 1096 1563 genua
1123 1482 1393 1544 incerare
1422 1481 1694 1544 deorum.
2088 1483 2177 1540 55

305 1580 619 1654 Quosdam
651 1585 972 1669 praecipitat
999 1585 1267 1670 subjecta
1295 1586 1557 1670 potentia
1586 1605 1645 1647 m
1684 1606 1813 1670 gnae

215 1686 459 1751 Invidiae
485 1711 510 1771 3·
549 1692 759 1774 mergit
787 1693 964 1774 longa
995 1705 1172 1775 atque
1201 1691 1442 1774 insignis
1472 1692 1768 1754 honorum

214 1789 485 1876 Pagina3
531 1796 900 1859 descendunt
927 1809 1149 1874 statuae,
1183 1811 1523 1880 restemque
1552 1807 1895 1880 sequuntur.

211 1896 380 1982 lpsas
409 1898 624 1964 deinde
655 1915 812 1966 rotas
840 1903 1108 1987 bigarum
1137 1903 1397 1989 impacta
1426 1901 1651 1967 securis

211 2002 438 2081 Caedit,
469 2021 531 2070 et
555 2008 858 2072 immeritis
887 2009 1228 2093 franguntur
1256 2030 1429 2072 crura
1456 2008 1721 2071 caballis.
2080 2009 2169 2068 60

207 2107 346 2172 Jam
375 2110 622 2173 stridunt
649 2113 835 2194 ignes,
859 2113 986 2195 jam
1019 2112 1251 2177 follibus
1278 2126 1455 2194 atque
1484 2110 1733 2175 caminis

205 2214 398 2277 Ardet
427 2215 734 2279 adoratum
766 2218 986 2300 populo
1015 2230 1215 2301 caput,
1244 2230 1305 2281 et
1332 2229 1539 2299 crepat
1566 2215 1773 2298 ingens

208 2317 464 2405 Sejanus
490 2342 505 2381 t
551 2321 768 2385 deinde
795 2344 878 2386 ex
907 2322 1060 2387 facie
1088 2335 1213 2386 toto
1240 2322 1385 2385 orbe
1414 2320 1685 2387 secunda

204 2422 385 2489 Fiunt
417 2428 655 2503 urceoli,
679 2428 902 2511 pelves,
933 2442 1188 2512 sartago,
1218 2430 1468 2513 patellae.

200 2526 372 2591 Pone
405 2530 566 2592 domi
595 2532 810 2607 lauros,
839 2532 960 2594 duc
987 2534 1045 2593 in
1077 2532 1373 2615 Capitolia
1400 2552 1681 2615 magnum
2074 2538 2159 2598 65

201 2630 632 2718 Cretatumque
663 2634 920 2697 bovem:
966 2634 1221 2718 Sejanus
1251 2636 1482 2699 ducitur
1510 2657 1669 2701 unco

201 2737 578 2822 spectandus
601 2762 621 2802 e
663 2738 924 2825 gaudent
951 2760 1182 2804 omnes.
1272 2739 1437 2815 Quae
1468 2742 1678 2808 labra?
1724 2744 1855 2828 quis
1880 2744 1961 2809 illi

200 2840 414 2909 Vultus
441 2844 618 2913 erat?
661 2866 985 2930 nunquam,
1015 2846 1064 2909 si
1095 2846 1235 2932 quid
1264 2848 1407 2910 mihi
1434 2848 1651 2924 credis,
1683 2850 1879 2912 amavi

199 2948 384 3013 Hunc
413 2952 714 3015 hominem
739 2974 759 3013 ε
800 2952 909 3016 sed
939 2973 1060 3037 quo
1089 2953 1310 3017 cecidit
1337 2954 1445 3017 sub
1474 2952 1771 3019 crimine?
1816 2955 2086 3040 quisnam

197 3053 499 3120 Delator?
545 3059 754 3141 quibus
783 3058 1062 3122 indiciis?
1107 3078 1227 3142 quo
1254 3072 1405 3123 teste
1436 3059 1705 3143 probavit
1724 3056 1757 3122 ἓ
2064 3066 2153 3132 70

197 3162 302 3230 Nil
331 3162 542 3228 horum
569 3184 586 3225 ε
628 3166 882 3229 verbosa
909 3176 970 3227 et
996 3164 1237 3247 grandis
1260 3164 1508 3248 epistola
1534 3163 1694 3230 venit

193 3268 255 3334 A
283 3266 560 3353 Capreis.
649 3266 825 3331 Bene
853 3268 1077 3348 habet3
1120 3268 1200 3330 nil
1229 3267 1361 3352 plus
1388 3268 1704 3353 interrogo.
1794 3270 1923 3337 Sed
1952 3272 2095 3357 quid

189 3374 403 3441 Turba
431 3372 662 3438 Remi?
710 3370 989 3455 Sequitur
1018 3370 1369 3449 Fortunam,
1398 3384 1463 3435 ut
1490 3392 1749 3459 semper,
1778 3388 1841 3443 et
1868 3374 1995 3441 odit

192 3482 546 3551 Damnatus.
635 3478 810 3547 Idem
836 3477 1108 3571 populus,
1135 3478 1186 3543 si
1215 3476 1439 3543 Nursia
1462 3476 1673 3545 Tusco
