2411 3890
264 273 348 335 48
889 263 957 312 D.
987 260 1176 312 JUNH
1205 255 1587 338 summus

265 415 334 480 111
361 413 588 478 tunicas
619 425 732 487 eat,
763 425 825 474 et
853 423 1040 474 totum
1069 408 1261 474 semel
1290 407 1490 488 expiet
1520 423 1759 468 annum.
2090 401 2220 462 405

267 519 604 583 Hibernum
633 513 824 580 fracta
849 514 1040 598 glacie
1068 512 1397 577 descendet
1422 511 1482 575 in
1516 527 1755 574 amnem
1778 528 1804 586 ς

265 623 395 686 Ter
423 623 707 686 matutino
735 620 946 684 Tiberi
975 632 1293 702 mergetur,
1324 631 1383 680 et
1410 615 1550 700 ipsis

265 726 604 791 Vorticibus
631 727 904 790 timidum
931 740 1111 809 caput
1139 726 1378 788 abluet:
1426 723 1566 786 inde
1600 721 1855 808 Superbi

266 832 494 896 Totum
523 835 678 916 regis
709 853 918 915 agrum
943 831 1106 894 nuda
1137 851 1211 894 ac
1238 828 1632 892 tremebunda
1658 825 1917 890 cruentis

267 937 498 1021 Erepet
525 938 792 1020 genibus.
885 934 952 998 Si
979 935 1235 998 candida
1254 933 1493 1016 jusserit
1512 933 1600 1008 10,
2088 931 2227 988 410

265 1042 379 1104 Ibit
407 1042 482 1103 ad
513 1041 758 1124 AEgypti
787 1041 988 1116 finem,
1017 1039 1326 1122 calidaque
1358 1039 1568 1121 petitas

270 1148 330 1208 A
358 1145 570 1208 Meroe
603 1145 853 1228 portabit
883 1165 1088 1228 aquaS,
1115 1157 1180 1208 ut
1210 1156 1444 1226 spargat
1472 1142 1531 1204 in
1562 1141 1764 1204 aedem

269 1249 459 1325 Isidis,
492 1251 727 1333 antiquo
758 1271 888 1332 quae
918 1249 1190 1333 proxima
1220 1247 1402 1330 surgit
1431 1247 1563 1310 ovili
1595 1269 1616 1325 3

271 1354 484 1416 Credit
512 1355 668 1415 enim
697 1354 880 1436 ipsius
909 1353 1160 1414 dominae
1189 1373 1256 1414 se
1287 1372 1435 1413 voce
1466 1350 1715 1412 moneri.

273 1457 375 1520 En
405 1459 661 1520 animam
691 1471 752 1519 et
779 1471 1062 1532 mentem,
1094 1477 1237 1518 cum
1262 1457 1381 1540 qua
1398 1455 1460 1518 di
1486 1468 1663 1518 nocte
1692 1454 2038 1536 loquantur!
2088 1458 2227 1516 415

273 1560 440 1644 Ergo
471 1563 567 1624 hic
595 1563 968 1645 praecipuum
997 1581 1417 1644 summumque
1447 1573 1705 1625 meretur
1735 1560 2043 1634 honorem,

271 1666 395 1739 Qui
426 1689 604 1749 grege
634 1667 876 1749 linigero
905 1667 1303 1730 circumdatus
1334 1680 1393 1728 et
1421 1687 1601 1750 grege
1632 1664 1801 1726 calvo

272 1770 614 1860 Plangentis
641 1772 840 1856 populi
869 1772 1050 1836 currit
1078 1772 1304 1834 derisor
1334 1769 1585 1834 Anubis.
1570 1794 1689 1876 7(

271 1877 378 1940 Ille
407 1878 550 1961 petit
578 1878 832 1954 veniam,
865 1878 1090 1961 quoties
1119 1900 1237 1939 non
1265 1853 1515 1938 abstinet
1542 1896 1693 1937 uxor

273 1980 608 2047 Concubitu
641 1984 820 2047 sacris
849 1984 1348 2065 observandisque
1378 1982 1630 2044 diebus·
1612 2028 1633 2059 ,
2090 1986 2231 2042 420

275 2086 614 2169 Magnaque
646 2087 894 2148 debetur
923 2088 1138 2148 violato
1167 2107 1345 2168 poeua
1376 2086 1655 2146 cadurco·

275 2188 360 2251 Et
387 2190 640 2253 movisse
669 2203 850 2273 caput
878 2190 1002 2253 visa
1031 2202 1122 2253 est
1151 2202 1431 2271 argentea
1460 2210 1741 2273 serpens:

272 2294 432 2358 Illius
459 2297 743 2378 lacrymae
769 2296 1168 2379 meditataque
1197 2317 1502 2357 murmura
1532 2309 1823 2378 praestant,

274 2397 360 2461 Ut
388 2402 619 2461 veniam
651 2401 838 2483 culpae
869 2416 986 2463 no'n
1016 2403 1251 2476 abnuat,
1284 2422 1491 2462 ansere
1521 2401 1737 2483 magno

278 2502 522 2565 Scilicet
551 2517 610 2565 et
637 2504 798 2565 tenui
831 2526 1066 2587 popano
1096 2518 1429 2586 corrup-tuS,
1460 2504 1671 2590 Osiris.
2092 2513 2227 2571 425

361 2606 571 2680 Quum
601 2608 764 2669 dedit
790 2608 886 2670 ille
915 2609 1154 2686 locum3
1199 2608 1455 2689 cophino
1484 2606 1763 2691 foenoque
1793 2612 2019 2687 relict0,

276 2714 575 2775 Arcanam
606 2710 816 2773 Judaea
843 2725 1104 2773 tremens
1135 2712 1433 2773 mendicat
1460 2712 1516 2773 in
1550 2736 1774 2789 aurem,

275 2818 572 2900 Interpres
600 2816 798 2897 legum
833 2816 1235 2898 Solymarum,
1266 2830 1326 2878 et
1356 2838 1570 2899 magna
1600 2818 1878 2881 sacerdos

277 2920 544 2996 ArboriS,
575 2941 647 2982 ac
678 2919 893 2983 summi
921 2921 1042 2983 fida
1069 2921 1420 2985 internuntia
1450 2923 1587 2985 coeli
1613 2946 1632 3002 3

275 3026 492 3109 Implet
521 3039 582 3087 et
607 3025 706 3087 illa
733 3048 996 3101 manum,
1027 3026 1132 3087 sed
1166 3027 1399 3109 parcius
1424 3049 1438 3087 ε
1484 3048 1610 3091 aere
1639 3028 1862 3089 minuto
2095 3036 2232 3093 430

278 3130 734 3213 Qualiacunque
763 3132 926 3195 voles
953 3129 1146 3194 Judaei
1177 3132 1405 3193 somnia
1436 3131 1717 3194 vendunt.

279 3235 551 3319 Spondet
579 3249 908 3297 amatorem
931 3250 1221 3312 tenerum,
1252 3238 1347 3299 vel
1376 3237 1567 3299 divitis
1596 3238 1721 3299 orbi

276 3339 733 3402 Testamentum
762 3339 987 3421 ingens,
1017 3341 1224 3404 calidae
1255 3342 1535 3423 pulmone
1566 3341 1861 3403 columbae

278 3442 584 3519 Tractato,
614 3443 937 3506 Armenius
965 3445 1060 3505 vel
1089 3443 1539 3525 Commagenus
1568 3446 1864 3529 haruspex
1893 3471 1912 3527 3
