<?xml version="1.0" encoding="UTF-8"?>
<!DOCTYPE html PUBLIC "-//W3C//DTD XHTML 1.0 Transitional//EN"
    "http://www.w3.org/TR/xhtml1/DTD/xhtml1-transitional.dtd">
<html xmlns="http://www.w3.org/1999/xhtml" xml:lang="en" lang="en">
 <head>
  <title>
</title>
<meta http-equiv="Content-Type" content="text/html;charset=utf-8" />
  <meta name='ocr-system' content='tesseract 3.04.00' />
  <meta name='ocr-capabilities' content='ocr_page ocr_carea ocr_par ocr_line ocrx_word'/>
</head>
<body>
  <div class='ocr_page' id='page_1' title='image "./djuniijuvenalis00levegoog_0075.png"; bbox 0 0 2411 3890; ppageno 0'>
   <div class='ocr_carea' id='block_1_1' title="bbox 907 309 2109 372">
    <p class='ocr_par' dir='ltr' id='par_1_1' title="bbox 907 309 2109 372">
     <span class='ocr_line' id='line_1_1' title="bbox 907 309 2109 372; baseline -0.005 -12"><span class='ocrx_word' id='word_1_1' title='bbox 907 309 1151 360; x_wconf 66' lang='lat' dir='ltr'>sunu</span> <span class='ocrx_word' id='word_1_2' title='bbox 1181 311 1329 360; x_wconf 84' lang='lat' dir='ltr'>vm.</span> <span class='ocrx_word' id='word_1_3' title='bbox 2026 312 2109 372; x_wconf 80' lang='lat'>65</span> 
     </span>
    </p>
   </div>
   <div class='ocr_carea' id='block_1_2' title="bbox 46 457 2103 3460">
    <p class='ocr_par' dir='ltr' id='par_1_2' title="bbox 175 457 1639 536">
     <span class='ocr_line' id='line_1_2' title="bbox 175 457 1639 536; baseline -0.001 -14"><span class='ocrx_word' id='word_1_4' title='bbox 175 458 544 536; x_wconf 89' lang='lat' dir='ltr'>Damnorum,</span> <span class='ocrx_word' id='word_1_5' title='bbox 574 458 752 523; x_wconf 78' lang='lat' dir='ltr'>sociis</span> <span class='ocrx_word' id='word_1_6' title='bbox 781 457 1124 527; x_wconf 82' lang='lat' dir='ltr'>florentibus</span> <span class='ocrx_word' id='word_1_7' title='bbox 1153 473 1215 522; x_wconf 89' lang='lat' dir='ltr'>et</span> <span class='ocrx_word' id='word_1_8' title='bbox 1240 458 1425 522; x_wconf 69' lang='lat' dir='ltr'>modo</span> <span class='ocrx_word' id='word_1_9' title='bbox 1450 459 1639 524; x_wconf 82' lang='lat' dir='ltr'>victis.</span> 
     </span>
    </p>

    <p class='ocr_par' dir='ltr' id='par_1_3' title="bbox 46 561 2103 1067">
     <span class='ocr_line' id='line_1_3' title="bbox 46 561 2103 649; baseline -0.002 -21"><span class='ocrx_word' id='word_1_10' title='bbox 46 589 49 628; x_wconf 75' lang='grc' dir='ltr'><strong><em>ε</em></strong></span> <span class='ocrx_word' id='word_1_11' title='bbox 169 561 345 627; x_wconf 83' lang='lat' dir='ltr'>Plena</span> <span class='ocrx_word' id='word_1_12' title='bbox 371 565 578 628; x_wconf 84' lang='lat' dir='ltr'>domus</span> <span class='ocrx_word' id='word_1_13' title='bbox 605 577 747 627; x_wconf 87' lang='lat' dir='ltr'>tunc</span> <span class='ocrx_word' id='word_1_14' title='bbox 775 565 986 641; x_wconf 86' lang='lat' dir='ltr'>omnis,</span> <span class='ocrx_word' id='word_1_15' title='bbox 1017 579 1078 628; x_wconf 86' lang='lat' dir='ltr'>et</span> <span class='ocrx_word' id='word_1_16' title='bbox 1104 566 1310 649; x_wconf 85' lang='lat' dir='ltr'>ingens</span> <span class='ocrx_word' id='word_1_17' title='bbox 1340 566 1527 629; x_wconf 87' lang='lat' dir='ltr'>stabat</span> <span class='ocrx_word' id='word_1_18' title='bbox 1554 585 1801 628; x_wconf 83' lang='lat' dir='ltr'>acervus</span> <span class='ocrx_word' id='word_1_19' title='bbox 1986 566 2103 624; x_wconf 86' lang='lat'>100</span> 
     </span>
     <span class='ocr_line' id='line_1_4' title="bbox 168 655 1937 754; baseline 0.002 -23"><span class='ocrx_word' id='word_1_20' title='bbox 168 667 564 746; x_wconf 83' lang='lat' dir='ltr'><strong>Nummorum,</strong></span> <span class='ocrx_word' id='word_1_21' title='bbox 597 665 888 752; x_wconf 83' lang='lat' dir='ltr'>Spartana</span> <span class='ocrx_word' id='word_1_22' title='bbox 917 669 1205 754; x_wconf 77' lang='lat' dir='ltr'><strong>chlamys,</strong></span> <span class='ocrx_word' id='word_1_23' title='bbox 1236 670 1546 752; x_wconf 86' lang='lat' dir='ltr'>conchylia</span> <span class='ocrx_word' id='word_1_24' title='bbox 1578 669 1734 746; x_wconf 86' lang='lat' dir='ltr'>Coa,</span> <span class='ocrx_word' id='word_1_25' title='bbox 1930 655 1937 662; x_wconf 46' lang='lat'>⁸</span> 
     </span>
     <span class='ocr_line' id='line_1_5' title="bbox 165 754 1590 860; baseline 0.004 -26"><span class='ocrx_word' id='word_1_26' title='bbox 165 769 394 835; x_wconf 90' lang='lat' dir='ltr'>Etcum</span> <span class='ocrx_word' id='word_1_27' title='bbox 424 773 726 836; x_wconf 85' lang='lat' dir='ltr'>Parrhasii</span> <span class='ocrx_word' id='word_1_28' title='bbox 756 774 966 837; x_wconf 88' lang='lat' dir='ltr'>tabulis</span> <span class='ocrx_word' id='word_1_29' title='bbox 994 775 1291 859; x_wconf 81' lang='lat' dir='ltr'>signisque</span> <span class='ocrx_word' id='word_1_30' title='bbox 1320 754 1590 860; x_wconf 78' lang='lat' dir='ltr'>Myronis</span> 
     </span>
     <span class='ocr_line' id='line_1_6' title="bbox 161 873 1573 963; baseline 0.004 -26"><span class='ocrx_word' id='word_1_31' title='bbox 161 873 496 941; x_wconf 85' lang='lat' dir='ltr'><strong>Phidiacum</strong></span> <span class='ocrx_word' id='word_1_32' title='bbox 523 878 760 940; x_wconf 82' lang='lat' dir='ltr'>vivebat</span> <span class='ocrx_word' id='word_1_33' title='bbox 789 879 955 954; x_wconf 90' lang='lat' dir='ltr'>ebur,</span> <span class='ocrx_word' id='word_1_34' title='bbox 983 901 1100 943; x_wconf 90' lang='lat' dir='ltr'>nec</span> <span class='ocrx_word' id='word_1_35' title='bbox 1129 901 1247 942; x_wconf 86' lang='lat' dir='ltr'>non</span> <span class='ocrx_word' id='word_1_36' title='bbox 1278 878 1573 963; x_wconf 82' lang='lat' dir='ltr'>Polycleti</span> 
     </span>
     <span class='ocr_line' id='line_1_7' title="bbox 158 977 1775 1067; baseline 0.002 -25"><span class='ocrx_word' id='word_1_37' title='bbox 158 977 364 1046; x_wconf 88' lang='lat' dir='ltr'>Multus</span> <span class='ocrx_word' id='word_1_38' title='bbox 391 984 612 1067; x_wconf 88' lang='lat' dir='ltr'>ubique</span> <span class='ocrx_word' id='word_1_39' title='bbox 641 983 808 1046; x_wconf 87' lang='lat' dir='ltr'>labor</span> <span class='ocrx_word' id='word_1_40' title='bbox 834 1005 850 1044; x_wconf 75' lang='grc' dir='ltr'><strong><em>ε</em></strong></span> <span class='ocrx_word' id='word_1_41' title='bbox 893 1005 1038 1046; x_wconf 85' lang='lat' dir='ltr'>rarae</span> <span class='ocrx_word' id='word_1_42' title='bbox 1071 983 1195 1048; x_wconf 76' lang='lat' dir='ltr'>sine</span> <span class='ocrx_word' id='word_1_43' title='bbox 1227 984 1505 1048; x_wconf 77' lang='lat' dir='ltr'>Mentore</span> <span class='ocrx_word' id='word_1_44' title='bbox 1532 1007 1775 1048; x_wconf 80' lang='lat' dir='ltr'>mensae.</span> 
     </span>
    </p>

    <p class='ocr_par' dir='ltr' id='par_1_4' title="bbox 155 1083 2081 1274">
     <span class='ocr_line' id='line_1_8' title="bbox 155 1083 2081 1171; baseline 0.003 -25"><span class='ocrx_word' id='word_1_45' title='bbox 155 1083 288 1148; x_wconf 63' lang='lat' dir='ltr'>Inde</span> <span class='ocrx_word' id='word_1_46' title='bbox 316 1087 630 1151; x_wconf 80' lang='lat' dir='ltr'>Dolabella</span> <span class='ocrx_word' id='word_1_47' title='bbox 657 1100 749 1150; x_wconf 86' lang='lat' dir='ltr'>est</span> <span class='ocrx_word' id='word_1_48' title='bbox 779 1102 954 1171; x_wconf 89' lang='lat' dir='ltr'>atque</span> <span class='ocrx_word' id='word_1_49' title='bbox 984 1089 1122 1152; x_wconf 90' lang='lat' dir='ltr'>hinc</span> <span class='ocrx_word' id='word_1_50' title='bbox 1151 1090 1461 1167; x_wconf 72' lang='lat' dir='ltr'>Antonine,</span> <span class='ocrx_word' id='word_1_51' title='bbox 1493 1090 1631 1152; x_wconf 74' lang='lat' dir='ltr'>inde</span> <span class='ocrx_word' id='word_1_52' title='bbox 1962 1092 2081 1152; x_wconf 87' lang='lat'>105</span> 
     </span>
     <span class='ocr_line' id='line_1_9' title="bbox 155 1188 1571 1274; baseline 0.003 -22"><span class='ocrx_word' id='word_1_53' title='bbox 155 1188 476 1274; x_wconf 86' lang='lat' dir='ltr'>Sacrilegus</span> <span class='ocrx_word' id='word_1_54' title='bbox 503 1190 764 1254; x_wconf 82' lang='lat' dir='ltr'>Verres:</span> <span class='ocrx_word' id='word_1_55' title='bbox 808 1192 1144 1256; x_wconf 79' lang='lat' dir='ltr'>referebant</span> <span class='ocrx_word' id='word_1_56' title='bbox 1171 1194 1415 1254; x_wconf 87' lang='lat' dir='ltr'>navibus</span> <span class='ocrx_word' id='word_1_57' title='bbox 1445 1195 1571 1256; x_wconf 88' lang='lat' dir='ltr'>altis</span> 
     </span>
    </p>

    <p class='ocr_par' dir='ltr' id='par_1_5' title="bbox 154 1292 1611 1380">
     <span class='ocr_line' id='line_1_10' title="bbox 154 1292 1611 1380; baseline 0.001 -24"><span class='ocrx_word' id='word_1_58' title='bbox 154 1292 390 1358; x_wconf 85' lang='lat' dir='ltr'>Occulta</span> <span class='ocrx_word' id='word_1_59' title='bbox 418 1296 623 1378; x_wconf 91' lang='lat' dir='ltr'>spolia,</span> <span class='ocrx_word' id='word_1_60' title='bbox 656 1309 715 1358; x_wconf 89' lang='lat' dir='ltr'>et</span> <span class='ocrx_word' id='word_1_61' title='bbox 743 1297 944 1380; x_wconf 87' lang='lat' dir='ltr'>plures</span> <span class='ocrx_word' id='word_1_62' title='bbox 975 1295 1052 1358; x_wconf 90' lang='lat' dir='ltr'>de</span> <span class='ocrx_word' id='word_1_63' title='bbox 1081 1317 1233 1378; x_wconf 87' lang='lat' dir='ltr'>pace</span> <span class='ocrx_word' id='word_1_64' title='bbox 1263 1297 1611 1378; x_wconf 81' lang='lat' dir='ltr'>triumphos.</span> 
     </span>
    </p>

    <p class='ocr_par' dir='ltr' id='par_1_6' title="bbox 148 1397 1892 1487">
     <span class='ocr_line' id='line_1_11' title="bbox 148 1397 1892 1487; baseline 0.004 -27"><span class='ocrx_word' id='word_1_65' title='bbox 148 1397 313 1463; x_wconf 92' lang='lat' dir='ltr'>Nunc</span> <span class='ocrx_word' id='word_1_66' title='bbox 342 1401 516 1464; x_wconf 90' lang='lat' dir='ltr'>sociis</span> <span class='ocrx_word' id='word_1_67' title='bbox 534 1401 680 1484; x_wconf 87' lang='lat' dir='ltr'>juga</span> <span class='ocrx_word' id='word_1_68' title='bbox 707 1421 898 1484; x_wconf 87' lang='lat' dir='ltr'>pauca</span> <span class='ocrx_word' id='word_1_69' title='bbox 927 1402 1130 1476; x_wconf 88' lang='lat' dir='ltr'>boum,</span> <span class='ocrx_word' id='word_1_70' title='bbox 1162 1421 1311 1485; x_wconf 84' lang='lat' dir='ltr'>grex</span> <span class='ocrx_word' id='word_1_71' title='bbox 1340 1423 1557 1486; x_wconf 87' lang='lat' dir='ltr'>parvus</span> <span class='ocrx_word' id='word_1_72' title='bbox 1586 1423 1892 1487; x_wconf 88' lang='lat' dir='ltr'>equarum,</span> 
     </span>
    </p>

    <p class='ocr_par' dir='ltr' id='par_1_7' title="bbox 146 1500 1455 1590">
     <span class='ocr_line' id='line_1_12' title="bbox 146 1500 1455 1590; baseline 0.005 -26"><span class='ocrx_word' id='word_1_73' title='bbox 146 1500 220 1564; x_wconf 91' lang='lat' dir='ltr'>Et</span> <span class='ocrx_word' id='word_1_74' title='bbox 242 1518 406 1586; x_wconf 85' lang='lat' dir='ltr'>pater</span> <span class='ocrx_word' id='word_1_75' title='bbox 434 1506 684 1566; x_wconf 84' lang='lat' dir='ltr'>armenti</span> <span class='ocrx_word' id='word_1_76' title='bbox 707 1519 888 1589; x_wconf 87' lang='lat' dir='ltr'>capto</span> <span class='ocrx_word' id='word_1_77' title='bbox 917 1505 1192 1589; x_wconf 82' lang='lat' dir='ltr'>eripiatur</span> <span class='ocrx_word' id='word_1_78' title='bbox 1222 1507 1455 1590; x_wconf 83' lang='lat' dir='ltr'>agello;</span> 
     </span>
    </p>

    <p class='ocr_par' dir='ltr' id='par_1_8' title="bbox 143 1605 2075 1696">
     <span class='ocr_line' id='line_1_13' title="bbox 143 1605 2075 1696; baseline 0.003 -27"><span class='ocrx_word' id='word_1_79' title='bbox 143 1605 250 1690; x_wconf 82' lang='lat' dir='ltr'>Ipsi</span> <span class='ocrx_word' id='word_1_80' title='bbox 278 1609 490 1671; x_wconf 89' lang='lat' dir='ltr'>deinde</span> <span class='ocrx_word' id='word_1_81' title='bbox 519 1608 730 1684; x_wconf 74' lang='lat' dir='ltr'>Lar-ea,</span> <span class='ocrx_word' id='word_1_82' title='bbox 761 1610 806 1673; x_wconf 89' lang='lat' dir='ltr'>si</span> <span class='ocrx_word' id='word_1_83' title='bbox 839 1612 995 1694; x_wconf 88' lang='lat' dir='ltr'>quod</span> <span class='ocrx_word' id='word_1_84' title='bbox 1027 1613 1347 1694; x_wconf 85' lang='lat' dir='ltr'>spectabile</span> <span class='ocrx_word' id='word_1_85' title='bbox 1376 1614 1628 1696; x_wconf 85' lang='lat' dir='ltr'>signum,</span> <span class='ocrx_word' id='word_1_86' title='bbox 1955 1621 2075 1677; x_wconf 85' lang='lat'>110</span> 
     </span>
    </p>

    <p class='ocr_par' dir='ltr' id='par_1_9' title="bbox 144 1709 1818 1796">
     <span class='ocr_line' id='line_1_14' title="bbox 144 1709 1818 1796; baseline 0.005 -24"><span class='ocrx_word' id='word_1_87' title='bbox 144 1709 201 1772; x_wconf 86' lang='lat' dir='ltr'>Si</span> <span class='ocrx_word' id='word_1_88' title='bbox 229 1713 350 1796; x_wconf 89' lang='lat' dir='ltr'>quis</span> <span class='ocrx_word' id='word_1_89' title='bbox 377 1714 434 1775; x_wconf 90' lang='lat' dir='ltr'>in</span> <span class='ocrx_word' id='word_1_90' title='bbox 465 1713 725 1777; x_wconf 66' lang='lat' dir='ltr'>aedicula</span> <span class='ocrx_word' id='word_1_91' title='bbox 753 1715 904 1778; x_wconf 89' lang='lat' dir='ltr'>deus</span> <span class='ocrx_word' id='word_1_92' title='bbox 930 1716 1158 1779; x_wconf 88' lang='lat' dir='ltr'>unicus.</span> <span class='ocrx_word' id='word_1_93' title='bbox 1252 1713 1405 1779; x_wconf 85' lang='lat' dir='ltr'>Haec</span> <span class='ocrx_word' id='word_1_94' title='bbox 1436 1719 1654 1782; x_wconf 84' lang='lat' dir='ltr'>etenim</span> <span class='ocrx_word' id='word_1_95' title='bbox 1684 1735 1818 1781; x_wconf 88' lang='lat' dir='ltr'>sunt</span> 
     </span>
    </p>

    <p class='ocr_par' dir='ltr' id='par_1_10' title="bbox 140 1813 1867 1905">
     <span class='ocr_line' id='line_1_15' title="bbox 140 1813 1867 1905; baseline 0.005 -29"><span class='ocrx_word' id='word_1_96' title='bbox 140 1813 250 1878; x_wconf 88' lang='lat' dir='ltr'>Pro</span> <span class='ocrx_word' id='word_1_97' title='bbox 278 1817 561 1880; x_wconf 86' lang='lat' dir='ltr'>summis:</span> <span class='ocrx_word' id='word_1_98' title='bbox 607 1839 745 1880; x_wconf 87' lang='lat' dir='ltr'>nam</span> <span class='ocrx_word' id='word_1_99' title='bbox 777 1832 908 1881; x_wconf 87' lang='lat' dir='ltr'>sunt</span> <span class='ocrx_word' id='word_1_100' title='bbox 935 1821 1065 1882; x_wconf 88' lang='lat' dir='ltr'>haec</span> <span class='ocrx_word' id='word_1_101' title='bbox 1095 1822 1377 1884; x_wconf 86' lang='lat' dir='ltr'>maxima.</span> <span class='ocrx_word' id='word_1_102' title='bbox 1468 1823 1787 1905; x_wconf 86' lang='lat' dir='ltr'>Despicias</span> <span class='ocrx_word' id='word_1_103' title='bbox 1808 1837 1867 1885; x_wconf 90' lang='lat' dir='ltr'>tu</span> 
     </span>
    </p>

    <p class='ocr_par' dir='ltr' id='par_1_11' title="bbox 129 1916 1807 2007">
     <span class='ocr_line' id='line_1_16' title="bbox 129 1916 1807 2007; baseline -0.001 -18"><span class='ocrx_word' id='word_1_104' title='bbox 129 1916 392 1989; x_wconf 78' lang='lat' dir='ltr'>‚Forsitan</span> <span class='ocrx_word' id='word_1_105' title='bbox 429 1923 698 1988; x_wconf 79' lang='lat' dir='ltr'>imbelles</span> <span class='ocrx_word' id='word_1_106' title='bbox 725 1923 1020 1998; x_wconf 88' lang='lat' dir='ltr'>Rhodios,</span> <span class='ocrx_word' id='word_1_107' title='bbox 1053 1943 1412 2007; x_wconf 85' lang='lat' dir='ltr'>unctamque</span> <span class='ocrx_word' id='word_1_108' title='bbox 1440 1925 1807 1989; x_wconf 81' lang='lat' dir='ltr'>Corinthon:</span> 
     </span>
    </p>

    <p class='ocr_par' dir='ltr' id='par_1_12' title="bbox 136 2022 1549 2112">
     <span class='ocr_line' id='line_1_17' title="bbox 136 2022 1549 2112; baseline 0.004 -27"><span class='ocrx_word' id='word_1_109' title='bbox 136 2022 434 2110; x_wconf 88' lang='lat' dir='ltr'>Despicias</span> <span class='ocrx_word' id='word_1_110' title='bbox 463 2026 694 2090; x_wconf 62' lang='lat' dir='ltr'>meriti).</span> <span class='ocrx_word' id='word_1_111' title='bbox 786 2024 952 2099; x_wconf 83' lang='lat' dir='ltr'>Quid</span> <span class='ocrx_word' id='word_1_112' title='bbox 982 2028 1233 2091; x_wconf 80' lang='lat' dir='ltr'>resinata</span> <span class='ocrx_word' id='word_1_113' title='bbox 1252 2028 1549 2112; x_wconf 79' lang='lat' dir='ltr'>juventuS,</span> 
     </span>
    </p>

    <p class='ocr_par' dir='ltr' id='par_1_13' title="bbox 138 2126 2062 2217">
     <span class='ocr_line' id='line_1_18' title="bbox 138 2126 2062 2217; baseline 0.004 -26"><span class='ocrx_word' id='word_1_114' title='bbox 138 2126 430 2214; x_wconf 85' lang='lat' dir='ltr'>Cruraque</span> <span class='ocrx_word' id='word_1_115' title='bbox 459 2132 632 2194; x_wconf 86' lang='lat' dir='ltr'>totius</span> <span class='ocrx_word' id='word_1_116' title='bbox 661 2130 880 2195; x_wconf 88' lang='lat' dir='ltr'>facient</span> <span class='ocrx_word' id='word_1_117' title='bbox 908 2132 1008 2196; x_wconf 84' lang='lat' dir='ltr'>tibi</span> <span class='ocrx_word' id='word_1_118' title='bbox 1040 2133 1188 2199; x_wconf 84' lang='lat' dir='ltr'>levia</span> <span class='ocrx_word' id='word_1_119' title='bbox 1218 2134 1407 2217; x_wconf 84' lang='lat' dir='ltr'>gentis</span> <span class='ocrx_word' id='word_1_120' title='bbox 1428 2137 1457 2197; x_wconf 74' lang='grc' dir='ltr'><strong><em>ἓ</em></strong></span> <span class='ocrx_word' id='word_1_121' title='bbox 1942 2141 2062 2199; x_wconf 84' lang='lat'>115</span> 
     </span>
    </p>

    <p class='ocr_par' dir='ltr' id='par_1_14' title="bbox 137 2230 1569 2320">
     <span class='ocr_line' id='line_1_19' title="bbox 137 2230 1569 2320; baseline 0.005 -26"><span class='ocrx_word' id='word_1_122' title='bbox 137 2230 375 2297; x_wconf 84' lang='lat' dir='ltr'>Horrida</span> <span class='ocrx_word' id='word_1_123' title='bbox 401 2235 640 2297; x_wconf 85' lang='lat' dir='ltr'>vitanda</span> <span class='ocrx_word' id='word_1_124' title='bbox 669 2248 757 2298; x_wconf 89' lang='lat' dir='ltr'>est</span> <span class='ocrx_word' id='word_1_125' title='bbox 785 2234 1093 2320; x_wconf 85' lang='lat' dir='ltr'>Hispania,</span> <span class='ocrx_word' id='word_1_126' title='bbox 1127 2237 1391 2304; x_wconf 86' lang='lat' dir='ltr'>Gallicus</span> <span class='ocrx_word' id='word_1_127' title='bbox 1422 2240 1569 2314; x_wconf 64' lang='lat' dir='ltr'>ains,</span> 
     </span>
    </p>

    <p class='ocr_par' dir='ltr' id='par_1_15' title="bbox 133 2335 1607 2423">
     <span class='ocr_line' id='line_1_20' title="bbox 133 2335 1607 2423; baseline 0.004 -26"><span class='ocrx_word' id='word_1_128' title='bbox 133 2335 528 2421; x_wconf 86' lang='lat' dir='ltr'>Illyricumque</span> <span class='ocrx_word' id='word_1_129' title='bbox 555 2338 708 2401; x_wconf 86' lang='lat' dir='ltr'>latus</span> <span class='ocrx_word' id='word_1_130' title='bbox 735 2360 752 2399; x_wconf 75' lang='grc' dir='ltr'><strong><em>ε</em></strong></span> <span class='ocrx_word' id='word_1_131' title='bbox 793 2360 974 2423; x_wconf 83' lang='lat' dir='ltr'>parce</span> <span class='ocrx_word' id='word_1_132' title='bbox 1005 2352 1066 2402; x_wconf 89' lang='lat' dir='ltr'>et</span> <span class='ocrx_word' id='word_1_133' title='bbox 1094 2341 1452 2404; x_wconf 83' lang='lat' dir='ltr'>messoribus</span> <span class='ocrx_word' id='word_1_134' title='bbox 1479 2342 1607 2416; x_wconf 87' lang='lat' dir='ltr'>illis,</span> 
     </span>
    </p>

    <p class='ocr_par' dir='ltr' id='par_1_16' title="bbox 134 2432 1817 2549">
     <span class='ocr_line' id='line_1_21' title="bbox 134 2432 1817 2549; baseline 0.004 -47"><span class='ocrx_word' id='word_1_135' title='bbox 134 2438 238 2513; x_wconf 80' lang='lat' dir='ltr'>Qui</span> <span class='ocrx_word' id='word_1_136' title='bbox 265 2455 521 2505; x_wconf 88' lang='lat' dir='ltr'>saturant</span> <span class='ocrx_word' id='word_1_137' title='bbox 545 2443 778 2518; x_wconf 84' lang='lat' dir='ltr'>urbem,</span> <span class='ocrx_word' id='word_1_138' title='bbox 804 2440 988 2505; x_wconf 83' lang='lat' dir='ltr'>Circo</span> <span class='ocrx_word' id='word_1_139' title='bbox 1015 2463 1331 2526; x_wconf 85' lang='lat' dir='ltr'>scenaeque</span> <span class='ocrx_word' id='word_1_140' title='bbox 1356 2432 1817 2549; x_wconf 60' lang='lat' dir='ltr'>vacantems</span> 
     </span>
    </p>

    <p class='ocr_par' dir='ltr' id='par_1_17' title="bbox 134 2542 1767 2636">
     <span class='ocr_line' id='line_1_22' title="bbox 134 2542 1767 2636; baseline 0.005 -29"><span class='ocrx_word' id='word_1_141' title='bbox 134 2542 350 2617; x_wconf 83' lang='lat' dir='ltr'>Quanta</span> <span class='ocrx_word' id='word_1_142' title='bbox 381 2561 577 2610; x_wconf 87' lang='lat' dir='ltr'>autem</span> <span class='ocrx_word' id='word_1_143' title='bbox 607 2546 747 2609; x_wconf 76' lang='lat' dir='ltr'>inde</span> <span class='ocrx_word' id='word_1_144' title='bbox 775 2545 934 2611; x_wconf 82' lang='lat' dir='ltr'>feres</span> <span class='ocrx_word' id='word_1_145' title='bbox 959 2561 1082 2610; x_wconf 90' lang='lat' dir='ltr'>tam</span> <span class='ocrx_word' id='word_1_146' title='bbox 1117 2548 1259 2610; x_wconf 78' lang='lat' dir='ltr'>dirae</span> <span class='ocrx_word' id='word_1_147' title='bbox 1288 2550 1529 2633; x_wconf 69' lang='lat' dir='ltr'>praemia</span> <span class='ocrx_word' id='word_1_148' title='bbox 1556 2550 1767 2636; x_wconf 69' lang='lat' dir='ltr'>culpae,</span> 
     </span>
    </p>

    <p class='ocr_par' dir='ltr' id='par_1_18' title="bbox 131 2648 2053 2735">
     <span class='ocr_line' id='line_1_23' title="bbox 131 2648 2053 2735; baseline 0.005 -23"><span class='ocrx_word' id='word_1_149' title='bbox 131 2648 314 2722; x_wconf 79' lang='lat' dir='ltr'>Quum</span> <span class='ocrx_word' id='word_1_150' title='bbox 343 2665 550 2715; x_wconf 89' lang='lat' dir='ltr'>tenues</span> <span class='ocrx_word' id='word_1_151' title='bbox 578 2674 766 2735; x_wconf 88' lang='lat' dir='ltr'>nuper</span> <span class='ocrx_word' id='word_1_152' title='bbox 795 2651 1020 2716; x_wconf 81' lang='lat' dir='ltr'>Marius</span> <span class='ocrx_word' id='word_1_153' title='bbox 1046 2653 1393 2718; x_wconf 82' lang='lat' dir='ltr'>discinxerit</span> <span class='ocrx_word' id='word_1_154' title='bbox 1420 2654 1646 2719; x_wconf 75' lang='lat' dir='ltr'>Ali-os?</span> <span class='ocrx_word' id='word_1_155' title='bbox 1932 2664 2053 2721; x_wconf 80' lang='lat'>120</span> 
     </span>
    </p>

    <p class='ocr_par' dir='ltr' id='par_1_19' title="bbox 130 2752 1509 2841">
     <span class='ocr_line' id='line_1_24' title="bbox 130 2752 1509 2841; baseline 0.005 -26"><span class='ocrx_word' id='word_1_156' title='bbox 130 2752 454 2819; x_wconf 88' lang='lat' dir='ltr'>Curandum</span> <span class='ocrx_word' id='word_1_157' title='bbox 485 2756 540 2817; x_wconf 89' lang='lat' dir='ltr'>in</span> <span class='ocrx_word' id='word_1_158' title='bbox 573 2756 793 2836; x_wconf 76' lang='lat' dir='ltr'>primis,</span> <span class='ocrx_word' id='word_1_159' title='bbox 825 2778 900 2817; x_wconf 91' lang='lat' dir='ltr'>ne</span> <span class='ocrx_word' id='word_1_160' title='bbox 928 2778 1144 2839; x_wconf 86' lang='lat' dir='ltr'>magna</span> <span class='ocrx_word' id='word_1_161' title='bbox 1171 2758 1379 2841; x_wconf 86' lang='lat' dir='ltr'>injuria</span> <span class='ocrx_word' id='word_1_162' title='bbox 1406 2760 1509 2821; x_wconf 87' lang='lat' dir='ltr'>fiat</span> 
     </span>
    </p>

    <p class='ocr_par' dir='ltr' id='par_1_20' title="bbox 129 2854 2046 2945">
     <span class='ocr_line' id='line_1_25' title="bbox 129 2854 2046 2945; baseline 0.005 -28"><span class='ocrx_word' id='word_1_163' title='bbox 129 2854 380 2924; x_wconf 88' lang='lat' dir='ltr'>Fortibus</span> <span class='ocrx_word' id='word_1_164' title='bbox 409 2874 470 2923; x_wconf 93' lang='lat' dir='ltr'>et</span> <span class='ocrx_word' id='word_1_165' title='bbox 498 2854 746 2924; x_wconf 79' lang='lat' dir='ltr'>miseris.</span> <span class='ocrx_word' id='word_1_166' title='bbox 835 2858 1042 2921; x_wconf 85' lang='lat' dir='ltr'>Tollas</span> <span class='ocrx_word' id='word_1_167' title='bbox 1070 2860 1209 2923; x_wconf 71' lang='lat' dir='ltr'>licet</span> <span class='ocrx_word' id='word_1_168' title='bbox 1234 2880 1435 2937; x_wconf 87' lang='lat' dir='ltr'>omne,</span> <span class='ocrx_word' id='word_1_169' title='bbox 1468 2862 1627 2944; x_wconf 87' lang='lat' dir='ltr'>quod</span> <span class='ocrx_word' id='word_1_170' title='bbox 1656 2882 1906 2945; x_wconf 86' lang='lat' dir='ltr'>usquam</span> <span class='ocrx_word' id='word_1_171' title='bbox 1936 2876 2046 2937; x_wconf 86' lang='lat' dir='ltr'>est,</span> 
     </span>
    </p>

    <p class='ocr_par' dir='ltr' id='par_1_21' title="bbox 125 2962 1770 3049">
     <span class='ocr_line' id='line_1_26' title="bbox 125 2962 1770 3049; baseline 0.004 -26"><span class='ocrx_word' id='word_1_172' title='bbox 125 2962 253 3026; x_wconf 88' lang='lat' dir='ltr'>Auri</span> <span class='ocrx_word' id='word_1_173' title='bbox 277 2978 453 3047; x_wconf 88' lang='lat' dir='ltr'>atque</span> <span class='ocrx_word' id='word_1_174' title='bbox 481 2964 744 3047; x_wconf 77' lang='lat' dir='ltr'>argenti3</span> <span class='ocrx_word' id='word_1_175' title='bbox 785 2976 1016 3027; x_wconf 88' lang='lat' dir='ltr'>scutum</span> <span class='ocrx_word' id='word_1_176' title='bbox 1047 2963 1427 3046; x_wconf 86' lang='lat' dir='ltr'>gladiumque</span> <span class='ocrx_word' id='word_1_177' title='bbox 1455 2964 1770 3049; x_wconf 47' lang='lat' dir='ltr'>relinquere,</span> 
     </span>
    </p>

    <p class='ocr_par' dir='ltr' id='par_1_22' title="bbox 125 3062 1640 3152">
     <span class='ocr_line' id='line_1_27' title="bbox 125 3062 1640 3152; baseline 0.002 -25"><span class='ocrx_word' id='word_1_178' title='bbox 125 3062 194 3128; x_wconf 89' lang='lat' dir='ltr'>Et</span> <span class='ocrx_word' id='word_1_179' title='bbox 208 3067 401 3152; x_wconf 88' lang='lat' dir='ltr'>jacula</span> <span class='ocrx_word' id='word_1_180' title='bbox 431 3081 490 3133; x_wconf 87' lang='lat' dir='ltr'>et</span> <span class='ocrx_word' id='word_1_181' title='bbox 515 3069 782 3151; x_wconf 85' lang='lat' dir='ltr'>galeam:</span> <span class='ocrx_word' id='word_1_182' title='bbox 831 3067 1086 3151; x_wconf 88' lang='lat' dir='ltr'>spoliatis</span> <span class='ocrx_word' id='word_1_183' title='bbox 1115 3088 1281 3131; x_wconf 85' lang='lat' dir='ltr'>arma</span> <span class='ocrx_word' id='word_1_184' title='bbox 1310 3082 1640 3151; x_wconf 85' lang='lat' dir='ltr'>supersunt.</span> 
     </span>
    </p>

    <p class='ocr_par' dir='ltr' id='par_1_23' title="bbox 127 3168 2041 3255">
     <span class='ocr_line' id='line_1_28' title="bbox 127 3168 2041 3255; baseline 0.004 -22"><span class='ocrx_word' id='word_1_185' title='bbox 127 3168 284 3242; x_wconf 82' lang='lat' dir='ltr'>Quod</span> <span class='ocrx_word' id='word_1_186' title='bbox 313 3171 494 3235; x_wconf 74' lang='lat' dir='ltr'>modo</span> <span class='ocrx_word' id='word_1_187' title='bbox 522 3170 818 3255; x_wconf 84' lang='lat' dir='ltr'>proposui,</span> <span class='ocrx_word' id='word_1_188' title='bbox 848 3192 964 3235; x_wconf 90' lang='lat' dir='ltr'>non</span> <span class='ocrx_word' id='word_1_189' title='bbox 995 3186 1084 3235; x_wconf 86' lang='lat' dir='ltr'>est</span> <span class='ocrx_word' id='word_1_190' title='bbox 1113 3173 1436 3235; x_wconf 84' lang='lat' dir='ltr'>sententia:</span> <span class='ocrx_word' id='word_1_191' title='bbox 1479 3173 1685 3239; x_wconf 67' lang='lat' dir='ltr'>verum</span> <span class='ocrx_word' id='word_1_192' title='bbox 1920 3186 2041 3243; x_wconf 79' lang='lat'>125</span> 
     </span>
    </p>

    <p class='ocr_par' dir='ltr' id='par_1_24' title="bbox 127 3271 1489 3363">
     <span class='ocr_line' id='line_1_29' title="bbox 127 3271 1489 3363; baseline 0.001 -26"><span class='ocrx_word' id='word_1_193' title='bbox 127 3271 363 3354; x_wconf 86' lang='lat' dir='ltr'>Credite,</span> <span class='ocrx_word' id='word_1_194' title='bbox 395 3296 494 3341; x_wconf 89' lang='lat' dir='ltr'>me</span> <span class='ocrx_word' id='word_1_195' title='bbox 523 3276 688 3339; x_wconf 88' lang='lat' dir='ltr'>vobis</span> <span class='ocrx_word' id='word_1_196' title='bbox 716 3276 920 3341; x_wconf 69' lang='lat' dir='ltr'>folium</span> <span class='ocrx_word' id='word_1_197' title='bbox 946 3278 1198 3341; x_wconf 85' lang='lat' dir='ltr'>recitare</span> <span class='ocrx_word' id='word_1_198' title='bbox 1230 3276 1489 3363; x_wconf 75' lang='lat' dir='ltr'>Sibyllae.</span> 
     </span>
    </p>

    <p class='ocr_par' dir='ltr' id='par_1_25' title="bbox 127 3376 1656 3460">
     <span class='ocr_line' id='line_1_30' title="bbox 127 3376 1656 3460; baseline 0.006 -20"><span class='ocrx_word' id='word_1_199' title='bbox 127 3376 181 3441; x_wconf 87' lang='lat' dir='ltr'>Si</span> <span class='ocrx_word' id='word_1_200' title='bbox 203 3381 292 3445; x_wconf 85' lang='lat' dir='ltr'>tibi</span> <span class='ocrx_word' id='word_1_201' title='bbox 319 3394 521 3447; x_wconf 84' lang='lat' dir='ltr'>sancta</span> <span class='ocrx_word' id='word_1_202' title='bbox 547 3382 764 3447; x_wconf 84' lang='lat' dir='ltr'>cohors</span> <span class='ocrx_word' id='word_1_203' title='bbox 786 3383 1094 3460; x_wconf 79' lang='lat' dir='ltr'>comitum,</span> <span class='ocrx_word' id='word_1_204' title='bbox 1125 3382 1173 3447; x_wconf 85' lang='lat' dir='ltr'>si</span> <span class='ocrx_word' id='word_1_205' title='bbox 1200 3402 1381 3446; x_wconf 83' lang='lat' dir='ltr'>nemo</span> <span class='ocrx_word' id='word_1_206' title='bbox 1408 3384 1656 3449; x_wconf 88' lang='lat' dir='ltr'>tribunal</span> 
     </span>
    </p>
   </div>
   <div class='ocr_carea' id='block_1_3' title="bbox 125 3478 1777 3635">
    <p class='ocr_par' dir='ltr' id='par_1_26' title="bbox 125 3478 1777 3635">
     <span class='ocr_line' id='line_1_31' title="bbox 125 3478 1777 3635; baseline 0.003 -88"><span class='ocrx_word' id='word_1_207' title='bbox 125 3478 314 3555; x_wconf 82' lang='lat' dir='ltr'>Vendit</span> <span class='ocrx_word' id='word_1_208' title='bbox 340 3488 798 3635; x_wconf 58' lang='grc' dir='ltr'>Αοετεεοοὲτξε,</span> <span class='ocrx_word' id='word_1_209' title='bbox 828 3488 878 3555; x_wconf 82' lang='lat' dir='ltr'>si</span> <span class='ocrx_word' id='word_1_210' title='bbox 905 3488 1128 3555; x_wconf 84' lang='lat' dir='ltr'>nullum</span> <span class='ocrx_word' id='word_1_211' title='bbox 1155 3487 1219 3553; x_wconf 84' lang='lat' dir='ltr'>in</span> <span class='ocrx_word' id='word_1_212' title='bbox 1246 3487 1499 3577; x_wconf 83' lang='lat' dir='ltr'>conjuge</span> <span class='ocrx_word' id='word_1_213' title='bbox 1526 3489 1777 3567; x_wconf 83' lang='lat' dir='ltr'>crimen,</span> 
     </span>
    </p>
   </div>
   <div class='ocr_carea' id='block_1_4' title="bbox 47 2778 59 3127">
    <p class='ocr_par' dir='ltr' id='par_1_27' title="bbox 47 2778 59 3127">
     <span class='ocr_line' id='line_1_32' title="bbox 47 2778 59 3127; baseline 0 763"><span class='ocrx_word' id='word_1_214' title='bbox 47 2778 59 3127; x_wconf 95' lang='lat' dir='ltr'> </span> 
     </span>
    </p>
   </div>
  </div>
 </body>
</html>
