2411 3890
37 148 53 424 ἱ

41 521 56 725 ι

43 865 53 988 h

43 1032 54 1256 ἰ

40 1273 53 1609 ἱ

42 1622 54 2009 ἒ

37 2195 55 3179 t

38 3210 42 3257 ,

38 3278 41 3354 ἱ

900 309 1143 358 SATIRA
1173 309 1265 357 vl.
1986 307 2069 368 49

153 455 376 523 Pectora
404 460 696 544 pullorum
727 458 968 524 rimatur
997 473 1056 522 et
1083 473 1228 522 exta
1258 457 1471 533 catelli,
1947 457 2071 518 435

151 563 418 628 Interdum
449 579 511 628 et
538 549 710 650 pueri
733 587 749 626 ε
793 564 991 643 faciet,
1023 566 1182 649 quod
1215 563 1447 628 deserat
1472 527 1761 656 ipses

225 669 510 734 Chaldaeis
539 672 648 735 sed
679 672 866 757 major
895 671 1004 734 erit
1029 671 1251 734 fiducia
1276 693 1291 732 z
1338 669 1621 754 quidquid

151 773 358 838 Dixerit
385 778 754 860 Astrologus‚
783 777 1032 840 credent
1063 799 1096 839 a
1128 775 1289 838 sonte
1320 775 1569 838 relatum

154 879 480 946 Hammonis
505 907 524 964 3
568 883 846 966 quoniam
879 883 1132 966 Delphis
1155 881 1395 946 oracula
1426 893 1682 956 cessant,

153 984 219 1049 Et
244 1010 424 1070 genus
452 989 774 1052 humanum
808 990 1049 1050 damnat
1077 987 1269 1070 caligo
1300 985 1496 1050 futuri.
1949 988 2077 1046 440

152 1091 474 1177 Praecipuus
501 1107 700 1156 tamen
731 1107 821 1156 est
847 1094 1081 1169 horum,
1113 1094 1213 1176 qui
1244 1091 1455 1175 saepins
1484 1089 1674 1164 exsul,

153 1196 320 1282 Cujus
353 1198 612 1262 amicitia
639 1198 1154 1281 conducendaque
1185 1195 1401 1259 tabella

151 1300 394 1386 Magnus
413 1305 556 1368 civis
584 1304 708 1368 obit
737 1319 796 1368 et
825 1303 1172 1367 formidatus
1201 1301 1449 1364 Othoni.

150 1405 280 1469 Inde
308 1410 456 1472 fides
486 1411 612 1486 arti,
645 1410 836 1472 sonuit
865 1410 910 1472 si
943 1409 1194 1472 dextera
1224 1405 1379 1470 ferro

151 1509 451 1597 Laevaque,
485 1515 531 1578 si
559 1515 736 1598 longo
763 1529 1090 1578 castrorum
1111 1515 1168 1576 in
1200 1535 1445 1576 carcere
1476 1516 1709 1578 mansit.
1949 1519 2077 1576 445

150 1615 334 1680 Nemo
364 1620 814 1682 mathematicus
843 1621 1078 1702 genium
1107 1620 1485 1683 indemnatus
1516 1620 1794 1683 habebit:
1866 1657 1903 1707 §X

152 1720 266 1783 Sed
295 1725 389 1806 qui
423 1724 589 1808 paene
621 1724 791 1808 perit,
823 1726 919 1788 cui
949 1725 1048 1788 vix
1077 1727 1136 1788 in
1167 1725 1442 1808 Cyclada
1475 1725 1621 1788 mitti

148 1824 415 1912 Contigit,
447 1846 506 1892 et
537 1829 718 1912 parva
743 1831 985 1892 tandem
1015 1831 1275 1893 caruisse
1308 1831 1583 1913 Seripho.

147 1929 406 1997 Consulit
435 1935 686 1999 ictericae
718 1936 875 1998 lento
907 1935 983 1997 de
1013 1933 1221 1997 funere
1251 1935 1471 2009 matriS,

146 2037 294 2101 Ante
323 2054 522 2103 tamen
555 2041 632 2103 de
662 2055 741 2117 te,
770 2040 1068 2125 Tanaquil
1097 2055 1235 2103 tua:
1282 2041 1520 2124 quando
1550 2062 1812 2105 sororem
1954 2046 2083 2105 450

149 2140 369 2207 Efferat
397 2158 456 2208 et
485 2160 760 2229 patruos;
805 2168 878 2208 an
909 2147 978 2209 sit
1007 2146 1266 2209 victurus
1296 2147 1525 2210 adulter

150 2245 286 2311 Post
313 2250 547 2333 ipsam?
597 2252 736 2335 quid
765 2252 922 2313 enim
956 2252 1144 2337 majus
1173 2254 1316 2313 dare
1345 2253 1587 2315 numina
1616 2269 1858 2337 possunt
1882 2255 1912 2317 ἓ

229 2354 380 2417 Haeo
409 2370 607 2419 tamen
637 2357 1032 2457 ignorathuid
1065 2356 1227 2419 sidus
1254 2356 1413 2417 triste
1447 2357 1696 2419 minetur

151 2456 393 2535 Saturni,
426 2480 544 2543 quo
570 2460 700 2523 laeta
731 2458 939 2523 Venus
967 2482 1032 2523 se
1063 2458 1321 2544 proferat
1351 2475 1523 2538 astru,

147 2562 262 2636 Qui
293 2566 512 2628 mensis
541 2566 789 2641 damniS,
821 2586 948 2649 quae
981 2568 1192 2629 dentur
1220 2580 1486 2651 tempora
1513 2568 1701 2632 lucro.
1954 2574 2085 2632 455

144 2667 297 2733 Illius
326 2692 608 2734 occursus
639 2670 818 2733 etiam
847 2672 1028 2735 vitare
1059 2688 1383 2749 mementO,

145 2772 206 2836 In
235 2776 410 2860 cujus
437 2776 727 2852 manibus,
755 2798 870 2839 eeu
901 2777 1138 2860 pinguia
1167 2779 1426 2853 succina,
1457 2779 1617 2840 tritas

144 2878 358 2944 Cernis
389 2881 843 2965 ephemeridas3
889 2903 1018 2966 quae
1047 2882 1269 2944 nullum
1300 2882 1568 2957 consulit,
1601 2894 1659 2943 et
1677 2883 1806 2965 jam

143 2984 519 3049 consulitur:
569 3007 726 3071 quae,
758 3000 951 3050 castra
977 2987 1102 3049 viro
1129 2987 1453 3069 patriamve
1484 2998 1743 3069 petente,

143 3089 285 3154 Non
315 3092 418 3154 ibit
444 3092 681 3176 pariter,
711 3093 972 3155 numeris
1001 3106 1279 3155 revocata
1307 3090 1629 3173 Thrasylli.
1962 3100 2089 3159 460

144 3196 240 3259 Ad
273 3197 531 3281 primum
559 3198 818 3281 lapidem
850 3198 1066 3261 vectari
1099 3218 1281 3281 quum
1314 3197 1527 3280 placet,
1558 3196 1703 3263 hora

147 3301 414 3365 Sumitur
443 3324 520 3365 ex
551 3303 736 3366 libro:
781 3304 827 3365 si
857 3304 1040 3387 prurit
1067 3302 1269 3365 frictus
1296 3302 1468 3365 ocelli

38 3408 40 3411 ’
149 3408 442 3491 Angulus‚
471 3407 740 3490 inspecta
769 3409 969 3490 genesi
999 3408 1247 3490 collyria
1272 3408 1483 3491 poscit.

149 3512 338 3598 AEgra
365 3513 508 3575 licet
526 3512 748 3597 jaceat,
781 3514 1076 3597 capiendo
1104 3513 1261 3575 nulla
1293 3514 1522 3575 videtur

887 3602 940 3659 5²
