2411 3890
335 290 457 355 1oe
980 289 1047 338 n.
1077 287 1270 342 sm}
1299 284 1680 339 mmmm

326 435 473 503 Nun
498 437 665 522 quasi
694 436 981 513 fortuitus,
1008 458 1125 501 nee
1151 450 1464 502 ventor-mn
1491 434 1678 510 rabie,
1707 432 1820 499 sed
2148 430 2289 493 225

325 542 515 607 Iratus
542 542 721 607 cadat
746 542 807 604 in
819 552 1021 607 ‘terras
1048 555 1109 605 et
1124 542 1358 627 judicet
1387 540 1560 623 ignis·

324 646 431 711 ma
457 646 599 710 nihil
624 647 869 726 meniu
916 646 1062 711 cuni
1088 647 1355 730 graviore
1385 648 1623 709 timetur

322 750 610 815 Proxima
638 765 979 836 tempestas,
1009 752 1173 815 velut
1196 753 1316 815 hoc
1347 751 1523 815 dilata
1553 768 1787 813 sereno.

318 854 640 933 Praeterea,
668 857 863 923 lateris
890 856 1047 939 vigili
1076 878 1218 921 eum
1245 854 1412 919 febre
1443 855 1716 919 dolorem

318 960 387 1027 Si
414 960 659 1045 eoepere
688 961 827 1044 pati,
858 962 1103 1027 missum
1133 962 1212 1025 ad
1241 982 1348 1025 sua
1374 981 1626 1043 corpora
1657 958 1930 1025 morbum
2137 957 2278 1017 230

312 1064 535 1131 Infesto
562 1067 812 1129 credunt
840 1087 877 1127 a
904 1066 1185 1129 numine:
1233 1086 1380 1129 saxa
1409 1065 1660 1127 deoru-m

312 1169 467 1235 Haec
498 1185 559 1233 et
585 1171 703 1233 tela
730 1183 959 1254 putent.
1046 1168 1366 1234 Pecudem
1395 1168 1692 1252 spondere
1721 1167 1940 1231 sacello

309 1274 647 1350 Balantem‚
678 1287 740 1337 et
766 1273 1027 1339 Laribus
1052 1278 1296 1339 cristam
1323 1272 1830 1356 promitteroegalli

308 1378 451 1442 Non
482 1378 742 1444 audent:
788 1378 929 1459 quid
958 1380 1118 1443 enim
1148 1398 1388 1459 sperare
1417 1377 1770 1441 nocentibus
1797 1376 1964 1459 aegris

306 1480 680 1545 Comessum
706 1480 735 1543 ?
779 1481 874 1543 vel
901 1502 1032 1569 ›quae
1062 1502 1183 1543 non
1213 1480 1439 1562 dignior
1469 1481 1657 1545 hostia
1683 1479 1850 1544 vita?
2128 1486 2266 1545 235

303 1583 543 1647 Mobilis
571 1597 631 1645 et
658 1582 817 1644 varia
848 1598 939 1647 est
962 1582 1153 1645 ferme
1184 1597 1392 1647 natura
1421 1586 1734 1649 malorum.
1815 1610 1820 1615 ·

300 1689 509 1763 Quum
538 1688 733 1751 scelus
763 1687 1091 1764 admittunt,
1118 1684 1390 1771 'superest
1419 1690 1763 1755 constantia.
1851 1688 2022 1765 Quid
2049 1688 2148 1757 fas

293 1794 494 1876 Atque
521 1789 707 1868 nefas,
738 1792 981 1856 tandem
1006 1792 1294 1875 incipiunt
1317 1794 1532 1857 sentire
1561 1795 1822 1877 peractis

294 1894 674 1962 Criminibus.
764 1894 1004 1962 Tamen
1036 1897 1113 1961 ad
1142 1918 1344 1964 mores
1371 1915 1579 1964 natura
1607 1901 1856 1964 recurrit

289 2001 642 2078 DumnatOS,
672 2001 795 2066 fixa
822 2015 883 2066 et
908 2003 1117 2068 mutari
1146 2005 1370 2068 nescia.
1462 2004 1626 2068 Nam
1656 2005 1784 2087 quis
2115 2012 2248 2072 240

288 2103 597 2168 Peccandi
626 2105 805 2168 finem
834 2107 1029 2188 posuit
1057 2108 1165 2170 sibi
1190 2107 1220 2170 ?
1266 2108 1505 2190 quando
1532 2108 1762 2192 recepit

288 2205 571 2292 Ejectum
602 2210 787 2271 semel
817 2208 1009 2272 attriti
1036 2211 1113 2276 de
1140 2210 1334 2276 fronte
1360 2213 1638 2279 ruborem
1657 2213 1688 2276 ἓ

284 2311 577 2388 Quisnam
606 2313 911 2378 hominum
940 2328 1050 2392 est,
1080 2336 1262 2400 quem
1291 2330 1354 2380 tu
1381 2332 1725 2382 contentum
1747 2318 1964 2386 videris
1984 2343 2103 2386 uno

280 2414 586 2500 Flagitio?
674 2417 863 2481 Dabit
886 2420 949 2484 in
976 2421 1258 2504 laqueum
1287 2423 1530 2505 vestigia
1558 2437 1756 2488 noster
2153 2471 2212 2522 -9

278 2517 577 2595 Perfidus,
608 2532 667 2581 et
694 2521 839 2601 nigri
869 2523 1121 2603 patietur
1146 2526 1406 2588 carceris
1433 2547 1675 2605 uncum,
2098 2538 2186 2598 24

274 2623 401 2685 Aut
426 2623 603 2685 maris
632 2623 825 2705 AEgaei
853 2644 1064 2707 rupem
1091 2628 1492 2712 scopulosque
1518 2628 1858 2716 frequentes

272 2724 600 2790 Exsulibus
628 2728 899 2811 magniss
961 2728 1160 2795 Poena
1186 2732 1472 2814 gaudebis
1499 2735 1706 2801 amara

268 2830 543 2896 Nominis
570 2832 754 2909 invisi,
786 2834 1145 2918 tandemque
1176 2834 1440 2905 fatebere
1467 2840 1656 2918 laems,

266 2931 405 2997 Nee
433 2933 675 2998 surdum
704 2955 817 2998 nec
846 2935 1145 3003 Tiresiam
1172 2959 1514 3025 quenquam
1541 2964 1676 3018 esse
1706 2944 1975 3011 deorum.
