2411 3890
260 0 377 64 s

253 249 292 308 8
866 241 932 290 n.
963 239 1150 294 suun
1180 236 1562 292 squNALm

254 391 408 465 Quae
439 389 589 454 tibi?
679 387 780 452 Ne
808 387 1030 472 pudeat
1059 390 1363 453 dominum
1395 399 1718 452 monstrare
1749 384 2025 448 tabernae.

253 494 437 570 Quod
470 495 517 557 si
545 509 834 557 vexantur
862 494 1025 577 leges
1056 515 1128 556 ac
1161 493 1320 578 jura,
1348 492 1514 556 citari

245 603 403 664 Ante
432 620 642 662 omnes
672 598 850 661 debet
881 597 1162 662 Scatinia.
1256 597 1522 680 Respice
1557 595 1829 680 primum,

197 697 222 714 ‘
245 705 328 768 Et
358 717 617 766 scrutare
647 703 801 764 viros
829 723 844 763 ε
895 700 1115 764 faciunt
1143 701 1202 762 hi
1234 700 1438 784 plura3
1490 701 1599 764 sed
1631 699 1759 760 illos

241 807 532 870 Defendit
561 829 840 870 numerus
857 805 1198 890 junctaeque
1229 807 1489 868 umbone
1518 803 1860 888 phalanges.

242 911 466 996 Magna
495 913 644 974 inter
671 911 880 972 molles
908 907 1250 973 concordia.
1342 908 1483 972 Non
1515 908 1624 970 erit
1667 905 1850 969 ullum

240 1014 610 1098 Exemplum
640 1015 696 1076 in
725 1027 924 1076 nostro
953 1027 1074 1074 tam
1105 1013 1451 1076 detestabile
1474 1033 1645 1074 sexu.

237 1119 526 1201 Nunquid
557 1139 664 1181 nos
695 1117 922 1200 agimus
951 1115 1213 1179 causas?
1260 1116 1450 1178 civilia
1469 1115 1607 1200 jura

239 1221 576 1286 Novimus?
622 1236 721 1284 aut
749 1223 868 1284 ullo
896 1222 1137 1305 strepitu
1169 1219 1297 1284 sora
1327 1235 1518 1283 vestra
1546 1217 1902 1282 movemus?

239 1327 566 1391 Luctantur
595 1348 797 1409 paucae
824 1349 843 1404 ;
887 1327 1212 1388 comedunt
1240 1326 1494 1408 coliphia
1522 1347 1750 1408 paucae.

238 1430 366 1492 Vos
394 1432 587 1494 lanam
619 1429 859 1504 trahitis,
891 1428 1252 1511 calathisque
1284 1443 1526 1512 peracta
1558 1427 1786 1491 refertis

235 1534 474 1596 Vellera
501 1557 516 1594 ε
560 1555 664 1596 vos
692 1533 852 1596 tenui
883 1547 1280 1615 praegnantem
1312 1533 1556 1596 stamine
1588 1533 1782 1596 susum

235 1638 542 1721 Penelope
567 1639 794 1714 melius,
825 1637 1010 1700 levius
1039 1637 1319 1720 torquetis
1351 1638 1649 1712 Arachne,

235 1740 496 1806 Horrida
527 1742 700 1824 quale
730 1741 869 1805 facit
889 1741 1164 1804 residens
1191 1742 1252 1802 in
1282 1741 1493 1804 codice
1525 1741 1745 1824 pellex.

233 1845 462 1909 Notum
493 1860 600 1921 est,
629 1867 738 1908 cur
765 1845 889 1908 solo
911 1845 1136 1908 tabulas
1165 1845 1493 1928 impleverit
1524 1843 1727 1906 Hister
1747 1837 1777 1851 ”

235 1952 480 2015 Liberto
506 1973 524 2029 3
571 1952 801 2015 dederit
832 1952 995 2015 vivus
1025 1974 1134 2015 cur
1163 1952 1347 2015 multa
1376 1943 1635 2034 puellae-⁴

231 2056 420 2118 Dives
449 2056 578 2131 erit,
609 2077 822 2138 magno
846 2077 982 2137 quae
1015 2057 1229 2119 dormit
1257 2057 1426 2118 tertia
1455 2056 1631 2119 lecto.

229 2160 329 2221 Tu
361 2159 520 2221 nube
549 2176 724 2242 atque
755 2173 926 2221 tacet
972 2159 1191 2222 donant
1221 2180 1435 2221 arcana
1465 2159 1781 2241 cylindros.

229 2262 329 2327 De
361 2264 527 2325 nobis
559 2278 687 2346 post
717 2264 844 2327 haec
873 2264 1043 2327 tristis
1073 2264 1357 2328 sententia
1378 2262 1559 2327 sertur
1584 2287 1600 2325 ε

228 2367 354 2429 Dat
380 2367 611 2429 veniam
645 2368 855 2444 corviS,
887 2382 1066 2431 vexat
1087 2390 1339 2431 censura
1368 2368 1691 2432 columbas,

315 2471 625 2554 Fugerunt
651 2473 864 2554 trepidi
892 2494 1032 2535 vera
1061 2494 1132 2535 ac
1163 2470 1467 2535 manifesta
1499 2486 1812 2534 canentem

228 2578 529 2643 Stoicidae.
621 2576 790 2649 Quid
819 2577 976 2638 enim
1005 2574 1131 2639 falsi
1164 2575 1513 2640 Lauronia?
1607 2575 1731 2637 Sed
1772 2576 1913 2658 quid

225 2682 365 2746 Non
397 2682 611 2763 facient
641 2682 755 2757 alii,
786 2702 968 2764 quum
997 2696 1058 2744 tu
1092 2681 1348 2743 multicia
1378 2703 1595 2757 sumaS‚

223 2786 490 2863 Cretice,
521 2801 580 2849 et
609 2786 762 2848 hanc
792 2799 1017 2848 vestem
1049 2785 1269 2868 populo
1298 2786 1545 2849 mirante
1576 2807 1817 2870 perores

224 2891 293 2953 In
323 2890 614 2955 Proculas
645 2905 704 2955 et
733 2889 1025 2953 Pollitas?
1115 2889 1231 2952 Est
1260 2891 1496 2953 moecha
1525 2890 1777 2956 Labulla
1809 2915 1825 2952 ε

223 2995 576 3072 Damnetur,
608 2996 655 3059 si
686 2996 790 3071 viS‚
821 2995 1000 3061 etiam
1028 2993 1294 3058 Carfinia
1320 3018 1335 3055 ε
1383 2995 1559 3059 talem

220 3100 362 3164 Non
393 3113 586 3162 sumet
613 3100 892 3163 damnata
919 3092 1141 3183 tog'ffm.
1232 3098 1359 3161 Sed
1401 3098 1591 3163 Julius
1619 3103 1787 3163 ardet
1804 3124 1823 3180 3

222 3206 456 3270 AEstuo.
547 3204 762 3269 Nudus
793 3225 932 3287 agas
957 3205 972 3267 l
1017 3202 1221 3267 Minus
1250 3219 1341 3267 est
1366 3204 1587 3269 insania
1617 3206 1819 3288 turpis·

221 3311 320 3375 En
349 3312 632 3387 habitum,
664 3332 781 3394 quo
810 3323 869 3372 te
897 3310 1063 3394 leges
1091 3331 1162 3373 ac
1196 3310 1334 3395 jura
1362 3306 1649 3374 ferentem

218 3416 578 3481 Vulneribus
608 3415 806 3479 crudis
834 3415 1084 3500 populus
1114 3414 1297 3478 modo
1328 3415 1531 3492 victor,
1564 3430 1623 3479 et
1650 3417 1786 3479 illud

2101 1219 2189 1276 35

2094 1745 2185 1802 40

2084 2792 2170 2848 50
