2411 3890
245 313 324 373 18
863 308 930 356 n.
961 307 1150 361 sumi
1177 309 1563 362 summus

242 456 502 521 Securos
529 457 826 540 pendente
847 456 1020 541 jubet
1031 458 1305 522 dormire
1344 457 1532 521 ruina.

237 560 578 625 Vivendum
610 575 700 624 est
727 561 864 638 illio,
895 562 996 624 ubi
1025 563 1184 626 nulla
1212 563 1507 638 incendia,
1546 563 1687 626 nulli

237 667 438 730 Nocte
471 681 682 730 metus·
773 666 912 729 Jam
943 668 1130 752 poscit
1159 688 1397 751 aquam,
1418 669 1547 753 jam
1578 667 1787 732 frivola
1810 665 2087 730 transfert

237 770 550 854 Ucalegon
575 794 594 851 3
636 772 894 835 tabulata
921 773 1022 836 tibi
1043 773 1170 856 jam
1197 775 1370 836 tertia
1399 771 1629 836 sumant
1654 795 1672 835 ε
2078 768 2206 834 180

239 874 339 938 Tu
371 877 584 939 nescis.
676 876 842 940 Nam
871 877 920 939 si
948 877 1231 959 gradibus
1260 878 1587 962 trepidatur
1614 879 1691 941 ab
1718 878 1872 954 imis,

242 979 502 1066 Ultimus
530 982 776 1058 ardebit,
807 1001 985 1064 quem
1015 984 1215 1065 tegula
1254 983 1379 1046 sola
1406 997 1603 1046 tuetur

243 1087 302 1148 A
333 1086 550 1170 pluvia,
581 1087 790 1150 molles
817 1087 917 1148 ubi
947 1086 1204 1150 reddunt
1232 1109 1344 1150 ova
1374 1089 1688 1154 columbae.

245 1190 470 1253 Lectus
500 1205 625 1254 erat
653 1191 861 1254 Codro
890 1191 1154 1256 Procula
1182 1192 1391 1268 minor,
1422 1194 1647 1257 urceoli
1680 1213 1810 1268 sex,

241 1295 674 1360 Ornamentum
706 1299 896 1374 abaci,
927 1289 1040 1360 nec
1069 1320 1186 1362 non
1218 1312 1279 1361 et
1306 1299 1589 1380 parvulus
1616 1297 1773 1360 infra
2087 1299 2209 1357 185

245 1398 601 1476 CantharuS,
633 1413 694 1461 et
723 1402 1012 1462 recubans
1041 1401 1150 1462 sub
1181 1401 1399 1462 eodem
1430 1422 1727 1463 marmore
1758 1401 1988 1464 Chiron
2016 1425 2034 1478 3

237 1503 496 1588 Jamque
525 1517 694 1566 vetus
723 1503 969 1566 Graecos
999 1505 1269 1567 servabat
1296 1505 1443 1568 cista
1472 1506 1716 1581 libellos,

247 1607 333 1673 Et
364 1609 553 1670 divina
585 1606 766 1690 Opici
796 1609 1084 1670 rodebant
1111 1608 1375 1670 carmina
1410 1629 1631 1672 mures.

247 1712 352 1776 Nil
380 1713 580 1775 habuit
609 1711 890 1775 Codrus:
937 1713 1066 1796 quis
1095 1713 1255 1774 enim
1284 1712 1508 1795 negat?
1555 1727 1617 1775 et
1642 1728 1843 1775 tamen
1872 1713 2017 1774 illud

249 1817 522 1881 Perdidit
549 1817 750 1880 infelix
779 1832 962 1878 totum
995 1817 1172 1879 nihil:
1220 1817 1455 1880 ultimus
1482 1831 1685 1880 autem
2088 1819 2215 1877 190

250 1923 555 1987 AErumnae
587 1922 878 1998 cumulus,
911 1921 1067 2006 quod
1102 1921 1349 1999 nudum,
1380 1936 1439 1985 et
1470 1922 1651 1986 frusta
1681 1934 1989 2003 rogantem

245 2029 453 2117 Nemo
483 2029 636 2105 cibo,
667 2050 844 2091 nemo
877 2028 1144 2110 hospitio,
1173 2042 1453 2111 tectoque
1476 2027 1727 2112 juvabit.

256 2132 323 2195 Si
353 2154 568 2213 magna
597 2132 816 2194 Asturii
845 2131 1062 2193 cecidit
1091 2132 1344 2193 domus:
1390 2132 1627 2193 horrida
1658 2143 1866 2204 mater,

251 2235 468 2301 Pullati
497 2256 796 2319 procereS,
828 2235 1022 2297 differt
1051 2234 1383 2297 vadimonia
1417 2246 1646 2317 praetor.
2070 2294 2075 2299 ,

252 2342 433 2404 Tunc
463 2342 754 2425 gemimus
782 2362 956 2403 casus
983 2337 1185 2414 Urbis,
1216 2352 1354 2401 tuno
1382 2339 1617 2401 odimus
1646 2338 1865 2421 ignem.
2091 2340 2217 2399 195

259 2446 450 2511 Ardet
481 2440 698 2522 adhuc]
731 2445 936 2528 etjam
964 2444 1238 2519 occurrit,
1270 2443 1370 2526 qui
1400 2464 1697 2505 marmora
1729 2442 1929 2518 donet,

261 2549 549 2613 Conferat
575 2550 894 2631 impensas.
989 2546 1109 2609 Hic
1141 2546 1301 2607 nuda
1329 2562 1390 2608 et
1418 2546 1675 2607 eandida
1703 2546 1886 2628 signa,

264 2654 388 2718 Hic
420 2654 633 2736 aliquid
667 2653 1013 2736 p'raeclarum
1045 2649 1455 2733 Euphranoris
1486 2664 1546 2713 et
1576 2650 1893 2732 Polycleti,

268 2758 422 2821 Hoee
447 2758 804 2820 Asianorum
835 2770 1032 2818 vetera
1063 2768 1407 2817 ornamenta
1435 2755 1705 2831 deorum,

263 2848 388 2930 Hic
417 2863 592 2925 libros
623 2860 802 2935 dabit,
833 2874 894 2922 et
921 2858 1158 2934 forulos,
1191 2859 1567 2943 mediamque
1598 2859 1951 2935 Minervam,
2090 2866 2225 2922 200

268 2968 392 3032 Hic
422 2966 686 3029 modium
717 2964 962 3047 argenti.
1053 2963 1304 3025 Meliora
1326 2985 1397 3026 ac
1428 2964 1593 3047 plura
1622 2963 1850 3044 reponit

271 3071 552 3134 Persicus
579 3070 861 3132 orborum
890 3068 1245 3131 lautissimus
1274 3082 1334 3130 et
1363 3067 1573 3129 merito
1592 3067 1717 3151 jam

279 3177 626 3259 Suspectus,
655 3187 933 3257 tanquam
964 3174 1091 3256 ipse
1121 3194 1257 3235 suas
1286 3172 1613 3235 incenderit
1640 3172 1820 3235 aedes.

275 3282 341 3346 Si
373 3295 539 3365 potes
569 3278 736 3341 avelli
766 3277 1166 3353 CircensibuS‚
1197 3276 1419 3360 optima
1452 3275 1616 3339 Sorae

273 3387 398 3451 Aut
425 3384 782 3448 Fabrateriae
815 3382 1024 3445 domus
1057 3394 1156 3444 aut
1184 3380 1513 3443 Frusinone
1544 3394 1796 3463 paratur,
2098 3388 2226 3446 205

278 3493 502 3571 Quanti
531 3512 686 3552 nunc
718 3489 990 3551 tenebras
1019 3508 1202 3549 unum
1233 3484 1517 3549 conducis
1550 3485 1609 3547 in
1640 3506 1880 3550 annum.

713 3654 755 3701 .-

753 3704 774 3788 ἶ
