2411 3890
988 321 1232 375 SA'PIRA
1262 323 1378 374 vn.
2082 333 2162 392 55

201 471 410 536 Nemo
439 473 604 536 dabit
631 493 862 556 regum,
893 475 1089 558 quanti
1120 473 1394 538 subsellia
1422 487 1711 552 constent,
2079 481 2163 538 45

203 577 296 641 Et
323 599 450 662 quae
480 579 782 642 conducto
811 579 1074 664 pendent
1102 580 1421 644 anabathra
1446 581 1647 664 tigillo,

208 683 488 768 Quaeque
515 679 886 768 reportandis
915 684 1100 769 posita
1131 698 1223 750 est
1250 686 1557 749 orchestra
1585 687 1906 752 cathedris.

211 788 346 852 Nos
373 803 576 852 tamen
605 790 723 852 hoc
754 790 1001 873 agimuS,
1031 790 1313 875 tenuique
1342 791 1401 853 in
1432 791 1679 875 pulvere
1711 791 1909 856 sulcos

212 893 536 972 DucimuS,
567 907 628 957 et
653 894 812 958 littus
841 895 1019 958 sterili
1050 917 1358 958 versamus
1390 909 1605 960 aratro.

213 998 402 1076 Nam,
433 1000 482 1062 si
515 999 808 1076 discedaS,
839 999 1054 1084 laqueo
1081 1013 1246 1063 tenet
1274 1000 1563 1065 ambitiosi
2086 1007 2169 1065 50

216 1103 614 1169 Consuetudo
641 1105 817 1167 mali:
864 1118 1028 1168 tenet
1053 1105 1377 1169 insanabile
1410 1107 1626 1168 multos

221 1208 539 1273 Scribendi
570 1211 909 1287 cacoetheS,
939 1223 1000 1272 et
1021 1230 1177 1292 aegro
1208 1209 1267 1271 in
1298 1209 1483 1272 corde
1514 1211 1788 1274 senescit.

220 1314 354 1378 Sed
386 1327 582 1378 vatem
611 1315 936 1398 egregium,
967 1313 1063 1376 cui
1094 1334 1212 1377 non
1242 1314 1313 1377 sit
1342 1314 1577 1397 publica
1604 1335 1778 1392 vena,

223 1419 352 1496 Qui
383 1420 522 1483 nihil
553 1421 888 1505 expositum
919 1420 1108 1484 soleat
1136 1420 1459 1498 deducere,
1490 1442 1604 1485 nec
1630 1422 1729 1506 qui

224 1525 552 1590 Communi
584 1525 754 1589 feriat
782 1549 1024 1590 carmen
1055 1527 1280 1590 triviale
1309 1517 1571 1604 moneta,
2093 1535 2175 1594 55

225 1629 438 1708 Hunc,
469 1633 708 1716 qualem
735 1653 970 1716 nequeo
1001 1646 1346 1716 monstrare,
1378 1647 1438 1696 et
1466 1634 1655 1696 sentio
1683 1634 1929 1711 tantum,

225 1737 550 1801 Anxietate
581 1759 792 1800 carens
821 1738 1049 1800 animus
1079 1736 1239 1812 facit,
1270 1738 1462 1800 omnis
1492 1739 1692 1801 acerbi

227 1842 574 1926 Impatiens,
605 1843 856 1926 cupidus
885 1843 1182 1918 silvarum,
1216 1857 1501 1924 aptusque
1531 1843 1803 1906 bibendis

231 1945 524 2013 Fontibus
554 1948 880 2011 Aonidum.
973 1945 1196 2029 Neque
1226 1947 1384 2007 enim
1413 1960 1653 2009 cantare
1684 1948 1793 2011 sub
1823 1962 1989 2011 antro

231 2052 456 2129 Pierio,
488 2054 830 2137 thyrsumve
859 2065 1052 2137 potest
1079 2052 1422 2136 contingere
1451 2072 1596 2115 sana
2100 2058 2185 2119 60

235 2159 571 2243 Paupenas
602 2172 776 2243 atque
809 2159 936 2221 aeris
963 2158 1150 2242 inope,
1182 2180 1301 2242 quo
1330 2173 1503 2223 nocte
1534 2160 1752 2244 dieque

239 2263 482 2348 Corpus
511 2278 686 2347 eget:
731 2277 888 2327 satur
920 2276 1027 2339 est,
1060 2284 1243 2346 quum
1274 2264 1415 2325 dicit
1444 2262 1747 2339 Horatius,
1779 2263 1995 2327 Euoe!

240 2369 398 2443 Quis
425 2368 876 2451 locus-ingenim
906 2368 1014 2431 nisi
1045 2388 1229 2451 quum
1259 2388 1324 2429 se
1354 2366 1617 2429 carmine
1646 2368 1773 2429 solo

240 2474 505 2551 Vexant,
538 2489 598 2537 et
625 2473 876 2537 dominis
905 2471 1133 2535 Cirrhae
1164 2472 1230 2535 N
1228 2493 1479 2557 ysaeque
1510 2470 1772 2537 seruntur

243 2582 508 2647 Pectora
539 2595 755 2657 nostra,
787 2580 935 2642 duas
963 2601 1082 2641 non
1111 2578 1475 2643 admittentia
1503 2580 1727 2645 curas?
2108 2586 2190 2645 65

245 2688 484 2771 Magnae
517 2686 728 2749 mentis
756 2707 906 2769 opus
933 2707 1049 2747 nec
1079 2685 1156 2747 de
1187 2686 1383 2749 lodice
1412 2685 1680 2769 paranda

249 2794 560 2869 Attonitae,
591 2813 798 2854 currus
828 2804 888 2851 et
915 2810 1101 2871 equos
1131 2787 1437 2871 faciesque
1468 2790 1719 2851 deorum

252 2901 608 2984 Adspicere,
639 2910 700 2959 et
728 2894 914 2981 qualis
943 2892 1235 2955 Rutulum
1265 2892 1585 2955 confundat
1613 2892 1893 2975 Erinnys.
1893 2927 2007 3027 s

255 3006 416 3070 Nam
449 3006 496 3067 si
525 3002 772 3085 Virgilio
802 3021 950 3084 puer
979 3012 1039 3061 et
1067 2996 1368 3059 tolerabile
1398 2996 1636 3060 deesset

257 3110 618 3195 Hospitium,
651 3108 936 3170 caderent
963 3124 1172 3167 omnes
1202 3124 1238 3165 a
1268 3102 1525 3166 crinibus
1551 3102 1723 3185 hydri
1751 3125 1767 3165 :
2114 3112 2199 3169 70

263 3216 458 3281 Surda
487 3213 626 3276 nihil
656 3226 924 3295 gemeret
952 3230 1129 3293 grave
1159 3208 1430 3272 buccina.
1521 3207 1855 3288 Poscimus,
1884 3224 1952 3274 ut
1976 3213 2049 3277 sit

261 3322 400 3385 Non
431 3320 622 3382 minor
653 3318 889 3400 antiquo
923 3316 1243 3379 Rubrenus
1272 3314 1487 3398 Lappa
1515 3316 1821 3392 cothurnO,

266 3422 455 3509 Cujus
482 3435 542 3484 et
572 3419 830 3483 alveolos
859 3431 920 3480 et
943 3418 1168 3481 laenam
1196 3417 1462 3501 pignerat
1488 3418 1727 3480 Atreus.

267 3530 407 3595 Non
437 3526 618 3591 habet
647 3523 846 3587 infelix
876 3524 1174 3597 Numitor,
1207 3524 1366 3605 quod
1394 3523 1581 3583 mittat
1610 3522 1839 3583 amico:
