2411 3890
249 273 332 332 46
625 287 628 294 -
871 266 938 316 n.
970 263 1158 316 surm
1187 259 1569 314 miramus

245 413 670 479 Intolerabilius
699 415 839 478 nihil
870 427 978 490 est,
1011 413 1190 497 quam
1220 410 1465 474 foemina
1496 409 1687 473 dives·
1706 361 1829 481 s

331 519 566 583 Interea
593 518 756 582 foeda
785 532 1030 602 aspectu
1059 517 1429 599 ridendaque
1460 515 1645 577 multo

245 624 418 690 Pane
447 637 635 688 tumet
663 623 868 700 facieS,
897 637 999 686 aut
1027 622 1265 706 pinguia
1294 621 1639 704 Poppaeana

247 729 468 813 Spirat,
500 743 558 790 et
587 728 725 791 hinc
755 729 952 791 miseri
983 728 1277 790 viscantur
1304 726 1467 788 labra
1498 723 1707 786 mariti.

245 833 348 896 Ad
377 833 680 896 moechum
711 833 908 895 veniet
933 830 1052 894 lota
1079 845 1239 894 cute.
1330 828 1595 902 Quando
1626 827 1811 888 videri

246 935 391 1000 Vult
418 936 674 1000 formosa
704 936 911 1000 domi?
957 933 1431 1006 moechia-..foliata
1460 947 1758 1016 parantur.

247 1041 366 1105 His
395 1043 625 1118 emitur,
657 1041 940 1125 quidquid
972 1039 1229 1124 graciles
1250 1040 1367 1101 huc
1398 1037 1617 1100 mittitis
1649 1035 1802 1102 Indi.

243 1145 526 1210 Tandem
555 1147 743 1231 aperit
771 1146 1013 1220 vultum,
1045 1159 1104 1208 et
1133 1144 1377 1208 tectoria
1406 1143 1595 1226 prima
1624 1140 1853 1223 reponit
1878 1162 1893 1200 τ

242 1250 458 1336 Incipit
485 1252 744 1335 agnosci,
775 1266 952 1335 atque
981 1251 1078 1313 illo
1105 1251 1261 1313 lacte
1293 1248 1543 1322 fovetur,

242 1356 499 1440 Propter
527 1355 686 1438 quod
715 1375 923 1418 secum
951 1355 1200 1417 comites
1230 1354 1432 1416 educit
1462 1351 1691 1428 asellae,

245 1459 441 1524 Exsul
469 1459 932 1543 Hyperboreum
961 1457 1008 1521 si
1041 1457 1358 1520 dImittatur
1388 1457 1466 1520 ad
1498 1478 1699 1519 axem.

243 1564 376 1628 Sed
405 1585 533 1647 quae
565 1563 798 1626 mutatis
826 1562 1138 1636 inducitur,
1169 1575 1345 1646 atque
1378 1561 1605 1626 fovetur

239 1667 370 1730 Tot
398 1667 904 1743 medicaminibus,
935 1680 1237 1750 coctaeque
1268 1667 1503 1749 siliginis
1529 1666 1679 1730 offas

243 1771 482 1855 Accipit
511 1786 570 1834 et
597 1771 871 1846 madidae,
901 1770 1086 1834 facies
1115 1770 1365 1847 dicetur,
1396 1793 1470 1832 an
1500 1770 1714 1835 ulcus?

329 1876 444 1939 Est
471 1877 721 1961 pretium
755 1897 932 1952 curae,
961 1875 1192 1960 penitus
1222 1897 1605 1959 cognoscere,
1638 1889 1759 1938 toto

245 1983 410 2058 Quid
438 1981 655 2045 faciant
683 1984 1016 2066 agitentque
1047 1982 1165 2043 die.
1262 1981 1328 2045 Si
1358 1994 1531 2045 nocte
1560 1981 1804 2044 maritus

241 2087 507 2148 Aversus
524 2086 712 2169 jacuit
734 2108 753 2163 3
798 2086 967 2167 periit
994 2086 1244 2160 libraria,
1276 2098 1500 2167 ponunt

240 2188 543 2251 Cosmetae
573 2188 820 2263 tunicas,
851 2188 1018 2250 tarde
1049 2188 1280 2250 venisse
1312 2186 1613 2251 Liburnus

242 2293 494 2370 Dicitur,
525 2308 587 2356 et
614 2315 822 2378 poenas
853 2293 1024 2356 alieni
1053 2293 1318 2377 pendere
1349 2294 1541 2355 somni

243 2396 523 2479 Cogitur:
569 2398 668 2459 hic
697 2396 907 2479 frangit
935 2397 1170 2471 ferulaS,
1202 2397 1375 2459 rubet
1402 2397 1497 2460 ille
1526 2398 1797 2481 flagellis,

243 2500 365 2562 Hic
396 2500 657 2563 scutica:
701 2514 852 2575 sunt,
885 2522 1012 2581 quae
1043 2500 1355 2562 tortoribus
1386 2520 1579 2561 annua
1611 2517 1905 2584 praestent.

237 2604 554 2680 Verberat,
585 2617 760 2686 atque
788 2603 975 2691 obiter
1003 2602 1221 2705 faciem
1250 2603 1372 2664 linit
1394 2624 1413 2681 3
1460 2605 1621 2668 audit
1650 2607 1891 2683 amicaS,

238 2710 364 2773 Aut
390 2710 575 2771 latum
606 2708 772 2791 pictae
803 2708 978 2769 vestis
1008 2706 1343 2769 considerat
1372 2730 1599 2787 aurum,

240 2812 325 2876 Et
354 2813 570 2890 caedit3
614 2811 770 2894 longi
800 2812 1009 2893 relegit
1040 2826 1368 2875 transversa
1399 2814 1610 2890 diurni,

240 2916 326 2979 Et
354 2917 555 2992 caedit,
587 2916 779 2979 donec
809 2917 973 2980 lassis
1001 2916 1389 2994 caedentibus,
1422 2918 1580 2981 EXI

237 3021 470 3083 Intonet
497 3022 877 3098 horrendum,
897 3022 1024 3107 jam
1055 3023 1386 3105 cognitione
1420 3026 1679 3108 peracta.

326 3125 690 3205 Praefectura
719 3126 934 3191 domus
965 3128 1170 3192 Sicula
1197 3152 1314 3192 non
1345 3129 1537 3192 mitior
1568 3131 1722 3193 aula.

239 3230 402 3295 Nam
433 3232 480 3294 si
511 3232 823 3308 constituit,
853 3233 1140 3317 solitoque
1172 3232 1483 3297 decentius
1506 3250 1673 3319 optat

240 3334 474 3410 Ornari,
505 3349 565 3398 et
593 3350 887 3420 properat,
905 3338 1153 3421 jamque
1183 3354 1563 3422 exspectatur
1590 3341 1650 3403 in
1680 3335 1879 3419 hortis,

240 3438 366 3504 Aut
393 3439 551 3526 apud
580 3438 783 3507 Isiacae
814 3441 1006 3527 potius
1037 3443 1292 3509 sacraria
1322 3444 1467 3509 lenae
1492 3468 1512 3525 3

2028 495 2031 500 Ι
2072 405 2199 464 345

2068 935 2205 992 350

2066 1459 2198 1516 355

2060 1984 2195 2043 360

2058 2507 2188 2565 365

2056 3034 2187 3093 370
