2411 3890
222 282 341 339 112
860 270 927 319 D.
958 266 1149 319 JUNII
1179 264 1563 318 JUVENALIS
1589 278 1594 284 ·

213 424 277 488 N
280 447 394 487 unc
426 420 799 486 Praenestinis
830 420 887 481 in
918 418 1234 493 montibus,
1265 416 1380 477 alta
1409 398 1654 497 perabat

215 529 494 593 Culmina
522 527 806 600 villarum,
840 524 1067 585 Graecis
1094 522 1393 604 longeque
1421 518 1614 603 petitis

216 634 632 706 Ma1·moribUS‚
664 631 909 691 vincens
936 627 1214 690 Fortunae
1247 640 1424 709 atque
1455 620 1735 687 Herculis
1765 616 2004 696 aedem3
2092 616 2190 675 90

216 739 302 801 Ut
333 738 519 821 spado
548 737 821 798 vincebat
850 733 1143 817 Capitolia
1174 745 1374 793 nostra
1401 729 1676 791 Posides.

227 843 389 905 Dum
420 844 505 905 sic
537 864 679 922 ergo
708 840 933 903 habitat
962 836 1302 909 Cetronius,
1333 833 1626 895 imminuit
1653 850 1804 905 rem,

222 947 429 1029 Fregit
458 968 605 1028 opes
632 968 649 1023 3
694 967 805 1007 nec
840 965 1019 1027 parva
1050 958 1248 1005 tamen
1279 958 1559 1002 mensura⁴
1585 936 1802 999 relictae

222 1053 417 1115 Partis
448 1066 609 1114 erat:
655 1064 835 1113 totam
866 1050 1021 1110 hanc
1048 1046 1304 1108 turbavit
1324 1045 1474 1107 filius
1503 1063 1732 1116 amena,

223 1158 389 1219 Dum
425 1158 665 1219 meliore
697 1177 879 1217 novas
910 1152 1111 1215 attollit
1139 1170 1436 1213 marmore
1464 1149 1650 1210 villas.
2097 1144 2188 1205 95

314 1262 580 1334 Quidam
614 1260 793 1321 sortiti
824 1270 1191 1318 metuentem
1221 1257 1462 1317 sabbata
1489 1268 1743 1337 patrem,
1835 1251 1845 1260 “

228 1369 330 1430 Nil
362 1381 569 1449 praeter
599 1366 789 1425 nubes
820 1376 881 1423 et
908 1361 1045 1422 coeli
1075 1381 1296 1421 numen
1328 1361 1576 1419 adorant
1600 1380 1626 1437 3

228 1472 365 1533 Nec
399 1470 613 1530 distare
644 1480 848 1548 putant
876 1462 1138 1526 human&
1166 1485 1346 1525 carne
1377 1463 1626 1543 suilkgmg

230 1574 375 1646 Qu&
405 1588 571 1655 pater
602 1570 909 1647 abstinuit3
952 1590 1097 1631 mox
1128 1583 1186 1631 et
1215 1568 1498 1651 praeputia
1528 1581 1752 1651 ponunt
1777 1590 1793 1629 ε

231 1680 539 1741 Romanas
570 1692 767 1737 autem
799 1675 947 1737 soliti
976 1688 1357 1737 contemnere
1389 1674 1556 1754 leges
2061 1674 2194 1735 100

230 1782 267 1843 J
273 1783 551 1844 uda'icum
582 1781 853 1842 ediscunt
884 1794 943 1842 et
972 1786 1208 1843 seivant
1235 1800 1308 1841 ac
1337 1792 1606 1841 metuunt
1632 1778 1758 1863 jus,

232 1887 508 1950 Tradidit
540 1908 756 1950 arcano
788 1887 1187 1970 quodcunque
1222 1886 1514 1948 volumine
1545 1884 1776 1948 Moses.

232 1995 297 2058 N
300 2017 375 2056 on
406 2009 731 2056 monstrare
762 1994 907 2068 vias,
940 1994 1155 2054 eadem
1184 1993 1292 2053 nisi
1324 2013 1494 2054 sacra
1519 1989 1736 2051 colenti
1761 2009 1780 2066 3

235 2099 561 2171 Quaesitum
596 2099 670 2158 ad
700 2097 921 2158 sontem
952 2097 1107 2158 solos
1138 2091 1442 2157 deducere
1473 2115 1706 2176 verpos.

238 2204 361 2264 Sed
394 2216 558 2285 pater
588 2203 645 2262 in
674 2200 877 2276 causfi,
908 2200 1005 2262 cui
1036 2201 1288 2283 septima
1317 2219 1570 2282 quaeque
1599 2197 1703 2260 fuit
1731 2199 1836 2260 lux
2062 2203 2185 2260 105
2215 2244 2226 2249 -

233 2309 473 2391 Ignava,
507 2323 564 2370 et
595 2321 819 2391 partem
853 2307 991 2369 vitae
1022 2327 1139 2368 non
1170 2305 1354 2388 attigit
1381 2305 1584 2366 ullam.

324 2414 550 2496 Sponte
580 2427 777 2474 tamen
798 2413 1053 2496 juvenes
1082 2412 1378 2474 imitantur
1407 2423 1659 2472 caetera:
1709 2409 1900 2474 solam

235 2519 401 2578 Inviti
435 2539 669 2598 quoque
704 2517 1004 2576 avaritiam
1037 2535 1327 2577 exercere
1345 2515 1650 2598 jubentur.

234 2621 412 2683 Fallit
442 2622 597 2680 enim
628 2620 828 2680 vitium
861 2621 1061 2701 speci-e
1090 2619 1312 2680 virtutis
1339 2633 1398 2680 et
1429 2620 1656 2696 umbre,

232 2725 439 2798 Quum
472 2725 542 2787 sit
571 2723 729 2786 triste
761 2724 981 2798 habitu,
1013 2724 1293 2806 vultuque
1325 2738 1385 2786 et
1411 2739 1576 2788 veste
1607 2745 1900 2790 severum.
2067 2733 2197 2792 110

172 2893 182 2900 ,
232 2831 368 2895 Nec
402 2832 601 2907 dub-ie,
630 2844 909 2915 tanquam
941 2829 1113 2913 frugi,
1144 2830 1414 2892 laudatur
1445 2851 1674 2906 avarus,

230 2937 551 3021 Tanquam
582 2959 797 3022 parcus
826 2939 1027 3012 home,
1060 2950 1119 2998 et
1148 2957 1345 2998 rerum
1376 2935 1556 2999 tutela
1585 2956 1825 3003 suarum

235 3041 423 3104 Certa
450 3043 657 3125 magis,
690 3044 865 3124 quem
898 3043 943 3104 si
975 3041 1237 3104 fortunas
1267 3055 1462 3104 servet
1493 3043 1739 3104 easdem

230 3145 635 3230 Hesperidum
656 3169 917 3230 serpens,
939 3161 1039 3208 aut
1055 3145 1364 3208 Ponticus.
1397 3147 1578 3208 Adde
1597 3147 1758 3229 quod
1775 3146 1956 3224 hunc,
1975 3149 2054 3211 de

229 3251 373 3326 Quo
398 3253 628 3334 ioquor,
662 3253 961 3332 egregium
993 3253 1246 3334 populus
1273 3264 1439 3334 putat
1467 3250 1810 3336 acquirendi
2063 3259 2092 3316 1
2111 3258 2190 3318 1⁵

227 3359 533 3420 Artificem
558 3379 573 3415 :
622 3353 839 3438 quippe
870 3357 961 3418 his
990 3359 1266 3419 crescunt
1293 3355 1644 3439 patrimonia
1671 3355 1895 3437 fabris;

230 3462 355 3525 Sed
387 3475 659 3526 crescunt
690 3481 1043 3548 quocunque
1072 3463 1276 3539 modo,
1309 3461 1652 3552 majoraque
1681 3463 1828 3530 fiunt
