2411 3890
1006 269 1249 322 saum
1280 269 1349 319 11.
2032 273 2103 356 μ

123 420 302 493 Quae
337 442 518 484 causa
549 419 776 484 officii?
822 417 990 494 Quid
1019 420 1277 504 quaeris?
1366 419 1555 485 Nubit
1578 419 1825 494 amicus,

117 525 202 588 N
203 546 286 588 ec
317 527 533 589 multos
558 525 824 588 adhibet.
915 526 1127 590 Liceat
1147 525 1331 590 modo
1360 526 1559 588 vivere
1586 545 1607 602 ς
1648 523 1809 597 fient,

114 630 330 694 Fient
349 631 456 694 ista
483 631 702 716 palam,
732 631 972 715 cupient
997 645 1060 694 et
1087 632 1144 694 in
1177 645 1313 696 acta
1340 629 1568 694 referri.

116 734 385 798 Interea
411 748 766 800 tormentum
795 737 1004 818 ingens
1028 735 1385 800 nubentibus
1426 736 1637 810 baeret,
1986 735 2107 796 120

118 836 340 911 Quod
371 852 676 924 nequeunt
693 861 928 926 parere,
959 855 1020 906 et
1051 854 1223 924 partu
1248 840 1505 904 retinere
1534 837 1793 902 maritos.

121 943 272 1005 Sed
295 945 532 1020 meliuS,
557 943 820 1028 quodnil
848 946 1056 1008 animis
1083 946 1140 1008 in
1171 967 1423 1030 corpora
1439 944 1590 1030 juris

119 1048 380 1112 Natura
405 1050 688 1133 indulget.
781 1049 1026 1113 Stet-iles
1055 1051 1397 1126 moriuntur,
1429 1063 1489 1112 et
1516 1049 1625 1112 illis

117 1152 416 1236 Turgida
443 1176 560 1216 non
589 1154 834 1238 prodest
863 1154 1102 1220 condita
1130 1155 1354 1238 pyxide
1384 1153 1585 1236 Lyde,

3 1280 6 1287 ’
119 1257 279 1321 Nec
312 1259 552 1341 prodest
579 1259 712 1341 agili
736 1260 968 1342 palmas
994 1260 1261 1342 praebere
1291 1258 1597 1341 Luperco.
1976 1261 2097 1320 125

220 1360 390 1425 Vicit
415 1377 474 1426 et
503 1364 618 1427 hoc
647 1378 972 1428 monstrum
1003 1363 1245 1428 tunicati
1276 1361 1501 1426 fuscina
1532 1361 1816 1440 Gracchi,

119 1467 556 1550 Lustravitque
588 1467 726 1551 suga
757 1468 1016 1532 mediam
1043 1447 1350 1552 gladiator*
1362 1489 1627 1544 arenam,

119 1573 222 1636 Et
251 1571 602 1656 Capitolinis
633 1575 993 1656 generosior,
1023 1587 1086 1636 et
1111 1573 1437 1650 MarcelliS,

117 1677 222 1740 Et
247 1675 500 1753 Catulis,
531 1677 844 1761 Paullique
875 1678 1215 1756 minoribus,
1244 1693 1305 1742 et
1335 1677 1557 1754 Fabiis,
1586 1692 1647 1742 et
1700 1743 1731 1782 5

117 1781 432 1844 Omnibus
461 1783 536 1844 ad
557 1783 802 1865 podium
831 1784 1249 1866 spectantibus.
1340 1782 1456 1848 His
1484 1783 1623 1848 licet
1650 1784 1843 1866 ipsum
1969 1787 2091 1844 130

3 1876 6 1940 ἱ
113 1886 501 1965 AdmoveaS,
531 1887 700 1972 cujus
727 1900 866 1951 tunc
896 1910 1142 1952 munere
1174 1889 1323 1953 retia
1350 1889 1527 1954 misit.

6 2056 8 2065 ,
218 1990 380 2055 Esse
411 1993 629 2075 aliquid
655 1990 890 2069 ManeS,
921 2006 981 2055 et
1010 1994 1393 2055 subterranea
1418 2013 1625 2075 regna,

6 2078 8 2107 ⁵
119 2097 218 2161 Et
239 2109 502 2173 contum,
534 2111 597 2159 et
625 2096 832 2179 Stygio
859 2118 1034 2161 ranas
1063 2098 1119 2159 in
1149 2097 1380 2181 gurgite
1408 2098 1627 2181 nigras,

117 2204 336 2284 Atque
365 2200 484 2262 unii,
509 2201 752 2265 transire
784 2202 1000 2264 vadum
1031 2216 1118 2265 tot
1137 2203 1317 2265 millia
1344 2201 1583 2285 cymba,

121 2306 273 2369 Nec
304 2305 470 2387 pueri
498 2305 766 2382 credunt,
797 2306 906 2369 nisi
937 2307 1034 2389 qui
1051 2307 1315 2368 nondum
1346 2327 1463 2367 aere
1492 2306 1774 2370 laxantur.
1963 2310 2083 2369 135

8 2424 10 2427 ’
121 2408 262 2471 Sed
287 2420 351 2469 tu
380 2430 520 2471 vera
552 2424 714 2493 puta.
805 2409 1026 2472 Curius
1055 2408 1196 2492 quid
1228 2408 1419 2483 sentit,
1450 2422 1511 2469 et
1538 2408 1713 2470 ambo

121 2512 460 2597 Scipiadae,
493 2515 630 2597 quid
661 2514 994 2590 Fabricius,
1019 2534 1347 2597 manesque
1379 2512 1637 2590 Camilli,

119 2617 300 2691 Quid
331 2615 633 2681 Cremerae
665 2620 838 2702 legio,
871 2633 932 2683 et
960 2618 1186 2681 Cannis
1215 2630 1563 2701 consumpta
1580 2618 1883 2702 juventus,

117 2722 253 2785 Tot
281 2721 567 2783 bellorum
599 2724 828 2800 animae,
861 2725 1088 2807 quoties
1109 2724 1247 2785 hinc
1277 2724 1407 2789 talis
1430 2724 1505 2785 ad
1536 2723 1666 2787 illos

115 2810 360 2890 Umbra
390 2826 594 2889 venit?
683 2827 994 2911 Cuperent
1021 2829 1267 2904 lustrari,
1298 2829 1345 2893 si
1376 2849 1493 2912 qua
1522 2828 1799 2891 darentur
1956 2832 2079 2891 140

119 2931 428 3015 Sulphura
456 2952 593 2993 cum
625 2933 812 3009 taedis,
841 2947 902 2997 et
929 2934 978 2996 si
1005 2932 1158 2997 foret
1187 2934 1433 2997 humida
1453 2935 1673 2995 laurus.

115 3036 298 3110 Illuc,
327 3036 442 3097 heu
471 3038 484 3097 !
529 3036 725 3099 miseri
754 3040 1172 3103 traducimur!
1224 3041 1414 3101 Arma
1446 3037 1685 3120 quidem
1712 3036 1860 3101 ultra

117 3141 358 3203 Littera
385 3137 656 3203 Juvernae
687 3144 1106 3224 promovimuS‚
1137 3159 1198 3207 et
1228 3142 1411 3205 modo
1440 3156 1645 3227 captas

121 3243 423 3319 OrcadaS‚
455 3266 525 3306 ac
557 3245 799 3309 minima
829 3263 1136 3313 contentos
1154 3262 1329 3311 nocte
1361 3247 1681 3313 Britannos
1707 3273 1724 3311 ε

125 3349 257 3413 Sed
289 3368 414 3433 quae
438 3370 591 3411 nunc
623 3351 821 3432 populi
851 3353 994 3415 fiunt
1021 3353 1255 3415 victoris
1274 3352 1333 3417 in
1363 3355 1529 3433 urbe,
1954 3360 2073 3419 145

127 3453 274 3518 Non
303 3450 520 3515 faciunt
547 3452 647 3530 illi,
679 3476 826 3538 quos
853 3457 1213 3519 vicimus·—

1960 2508 1991 2543 ?
