2411 3890
281 290 368 348 40
914 287 980 334 D.
1011 287 1200 336 sumi
1232 287 1617 336 JUVENALIS

281 432 475 512 Uxor,
508 436 768 520 quisquis
797 435 905 500 erit
931 437 1122 498 bonus
1149 437 1561 519 optandusque
1594 436 1857 498 maritus.
2115 438 2242 496 165
2268 435 2273 444 ’

280 540 384 602 Nil
409 563 668 624 unquam
700 539 878 603 invita.
907 541 1152 603 donabis
1181 541 1433 624 conjuge
1462 563 1477 602 z
1525 542 1751 604 vendes

281 642 423 706 Hac
453 646 719 708 obstante
751 645 892 706 nihil
919 667 933 705 ε
977 645 1136 721 nihil,
1167 646 1295 708 haec
1326 646 1375 708 si
1404 646 1583 720 nolet,
1616 659 1867 706 emetur.

281 746 443 811 Haec
475 750 637 812 dabit
667 751 916 812 affectus
941 773 956 812 t
1001 751 1096 812 ille
1127 750 1483 812 excludetur
1512 749 1739 812 amicus

279 851 416 914 Jam
447 855 662 930 senior,
693 853 862 937 cujus
891 855 1138 918 barbam
1167 868 1269 940 tua
1287 854 1473 938 janua
1499 854 1661 916 vidit.

279 955 572 1049 Testandi
601 981 784 1042 quum
817 959 888 1020 sit
915 959 1223 1021 lenonibus
1256 974 1433 1042 atque
1462 959 1683 1022 lanistis
2112 967 2245 1024 1-70

279 1061 574 1138 Liberum,
604 1078 666 1126 et
685 1064 834 1149 juris
863 1065 1024 1127 idem
1055 1064 1354 1146 contingat
1386 1085 1578 1126 arenae
1606 1087 1626 1143 3
1727 1146 1733 1149 .

278 1167 418 1230 Non
451 1191 600 1232 unus
631 1170 732 1232 tibi
761 1170 956 1234 rivalis
985 1169 1297 1232 dictabitur
1326 1170 1537 1232 haeres·

279 1272 450 1335 Pone
481 1296 725 1337 crucem
757 1297 950 1339 servo.
1040 1275 1263 1338 Meruit
1293 1297 1409 1358 quo
1440 1273 1683 1336 crimine
1714 1295 1919 1336 servus

280 1377 700 1461 Supplicium?
749 1381 877 1460 quis
906 1381 1068 1442 testis
1099 1379 1317 1442 adest?
1364 1379 1492 1461 quis
1522 1377 1776 1440 detulit?
1870 1379 2028 1441 Audi
2053 1401 2067 1440 :

278 1481 463 1544 Nulla
493 1505 752 1567 unquam
784 1484 860 1546 de
885 1498 1073 1546 morte
1103 1483 1355 1546 hominis
1382 1482 1679 1544 cunctatio
1706 1483 1883 1565 longa
1912 1497 2021 1546 est.
2104 1491 2240 1547 175

279 1587 340 1648 O
371 1588 638 1664 demens,
669 1588 748 1650 ita
777 1609 982 1651 servus
1013 1590 1195 1652 homo
1227 1587 1358 1650 est?
1405 1587 1485 1648 nil
1515 1585 1741 1662 fecerit,
1773 1601 1901 1650 esto
1929 1610 1943 1647 :

282 1689 422 1757 Hoc
451 1693 606 1769 νοίο,
637 1693 721 1756 sic
741 1694 946 1779 jube0,
977 1695 1050 1758 sit
1077 1717 1184 1778 pro
1214 1695 1437 1756 ratione
1469 1692 1755 1754 voluntas.

364 1797 628 1881 Imperat
651 1821 794 1882 ergo
821 1801 986 1880 vir03
1030 1801 1138 1864 sed
1177 1821 1323 1862 mox
1352 1799 1479 1860 haec
1509 1817 1693 1879 regna
1720 1797 2009 1880 relinquit,

279 1901 708 1990 Pei-mutatque
739 1906 970 1983 domos,
1001 1921 1062 1971 et
1090 1905 1369 1971 flammea
1398 1903 1646 1967 conterit
1671 1923 1687 1963 τ
1729 1901 1868 1964 inde
2084 1950 2117 1969 x.

274 2010 553 2086 Advolat,
585 2026 644 2075 et
675 2015 852 2096 spreti
884 2014 1094 2098 repetit
1122 2013 1366 2095 vestigia
1394 2010 1555 2073 lecti.
2104 2015 2245 2073 180

274 2112 531 2176 Ornatas
560 2117 737 2197 paulo
769 2118 902 2180 ante
935 2118 1112 2193 sore-S,
1146 2116 1461 2200 pendentia
1489 2115 1695 2197 linquit

274 2214 431 2279 Vela
461 2219 694 2298 domus,
729 2236 789 2284 et
819 2222 1015 2285 adhuc
1047 2222 1260 2284 virides
1288 2222 1345 2283 in
1378 2220 1575 2283 limine
1606 2240 1830 2282 ramos-

277 2322 382 2385 Sic
413 2327 625 2388 crescit
652 2350 973 2409 numerus;
1019 2329 1102 2391 sic
1137 2328 1281 2389 fiunt
1308 2339 1445 2389 octo
1477 2324 1665 2386 mariti

277 2426 561 2514 Quinque
585 2454 692 2514 per
725 2449 1034 2497 autumnos
1062 2457 1076 2495 ε
1121 2434 1285 2495 titulo
1314 2454 1410 2494 res
1440 2431 1617 2513 digna
1645 2430 1959 2513 sepulcr‘.-.

361 2532 756 2617 Desperanda
787 2538 887 2599 tibi
919 2538 1081 2599 salva
1109 2536 1428 2598 concordia
1457 2557 1629 2597 socru
1659 2557 1675 2596 ι
1912 2532 1987 2601 2⁵²²
2104 2542 2238 2599 185

274 2638 382 2701 Illa
412 2640 590 2702 docet
620 2642 818 2723 spoliis
846 2642 987 2703 nudi
1017 2642 1281 2723 gaudere
1311 2640 1537 2718 1nariti3

274 2744 382 2806 Illa
413 2744 610 2820 docet,
644 2746 836 2808 missis
867 2768 901 2807 a
931 2759 1274 2829 corruptore
1308 2746 1553 2821 tabellis,

275 2848 379 2911 Nil
419 2850 590 2926 rude,
621 2872 736 2913 nec
757 2851 1009 2934 simplex
1041 2852 1363 2913 rescribere
1389 2874 1403 2912 ε
1450 2851 1672 2935 decipit
1699 2852 1795 2913 illa

276 2952 600 3031 CustodeS,
633 2970 734 3019 aut
762 2980 875 3021 aere
909 2958 1110 3019 domat
1137 2980 1152 3018 ε
1195 2972 1337 3021 tunc
1368 2980 1617 3041 corpore
1648 2980 1791 3022 sano

273 3060 549 3123 Advocat
581 3063 979 3146 Archigenen,
1011 3085 1379 3146 onerosaque
1410 3064 1583 3146 pallia
1604 3063 1809 3147 jactat.
2108 3070 2236 3129 190

274 3164 533 3227 Abditus
562 3166 788 3230 interea
816 3169 958 3231 latet
987 3182 1048 3231 et
1075 3183 1341 3231 secretus
1365 3169 1705 3231 adulter.—

275 3268 520 3333 Scilicet
549 3287 884 3356 exspectaS,
915 3288 978 3335 ut
1005 3274 1196 3336 tradat
1224 3288 1411 3339 mater
1440 3274 1721 3337 honestos

175 3378 180 3383 ’
267 3374 468 3456 Atque
503 3377 644 3439 alios
672 3399 891 3455 mores,
925 3378 1100 3461 quam
1133 3400 1281 3462 quos
1311 3378 1538 3441 habet?
1586 3380 1723 3443 utile
1757 3380 1931 3463 porro

263 3475 541 3543 Filiolam
571 3484 724 3567 turpi
755 3484 960 3547 vetulae
994 3485 1326 3568 producere
1359 3464 1614 3569 turpem.
