2411 3890
991 308 1235 362 smum
1266 309 1363 360 111.
1970 249 2231 436 {iffi

178 460 476 526 Hortulus
503 457 626 534 hic,
653 469 986 542 puteusque
1013 459 1230 535 brevis,
1260 477 1375 522 nec
1404 471 1559 522 reste
1588 457 1937 536 movendus,

179 565 256 628 In
287 579 504 638 tenues
522 564 752 647 plantas
778 561 938 626 facili
965 562 1307 626 diffunditur
1336 564 1568 628 haustu.

181 669 346 732 Vive
373 669 624 733 bidentis
653 689 881 744 amam,
909 681 970 732 et
997 669 1135 732 culti
1165 669 1391 732 villicus
1418 669 1571 733 horti
1596 691 1619 749 ς

181 773 369 837 Unde
399 775 646 858 epulum
675 773 866 857 possis
891 787 1132 837 centum
1162 774 1309 837 dare
1337 774 1763 858 Pythagor-mis.
2018 775 2147 838 210

183 877 306 942 Est
335 879 576 962 aliquid,
609 899 966 962 quocunque
993 880 1152 955 loco,
1183 887 1541 963 quocunque
1572 898 1834 956 recessu,

181 983 384 1048 Unius
414 1005 548 1047 sese
577 984 884 1048 dominum
914 984 1132 1050 fecisse
1159 985 1417 1050 lacertae.

275 1089 582 1152 Plurimus
609 1088 708 1152 hic
738 1109 894 1172 aeger
923 1091 1164 1153 moritur
1191 1017 1529 1172 vigila:
1572 1089 1683 1154 sed
1710 1089 1873 1154 illum

183 1193 578 1276 Languorem
605 1194 836 1276 peperit
865 1194 1034 1256 cibus
1059 1191 1447 1274 imperfectus
1474 1207 1535 1254 et
1577 1194 1808 1256 haerens

189 1298 446 1362 Ardenti
475 1297 800 1362 stomacho.
893 1297 1057 1360 Nam
1087 1317 1219 1380 quae
1252 1295 1543 1358 meritoria
1579 1315 1855 1360 somnum
2025 1301 2151 1360 215

187 1402 582 1466 Admittunt?
625 1401 860 1484 Magnis
887 1401 1098 1484 opibus
1127 1402 1413 1465 dormitur
1437 1402 1497 1464 in
1521 1401 1691 1466 Urbe
1715 1422 1732 1464 τ

189 1507 350 1570 Inde
379 1521 558 1590 caput
584 1509 796 1572 morbi.
885 1507 1241 1570 Rhedarum
1268 1508 1537 1570 transitus
1566 1521 1731 1570 arcto

189 1610 486 1674 Vicorum
513 1612 574 1673 in
602 1611 788 1688 flexu,
818 1625 880 1674 et
905 1613 1106 1675 stantis
1133 1611 1401 1674 convicia
1428 1612 1699 1675 mandrae

193 1709 474 1800 Eripient
500 1736 774 1778 somnum
804 1717 1026 1792 Druso,
1055 1717 1363 1799 vitulisque
1398 1717 1655 1780 marinis.

195 1819 266 1882 Si
297 1834 474 1883 vocat
501 1821 784 1896 officium,
811 1821 984 1884 turba
1011 1821 1265 1886 cedente
1294 1821 1543 1884 vehetur
2030 1820 2157 1882 220

193 1925 410 2001 Dives,
441 1940 500 1987 et
527 1925 744 2007 ingenti
772 1939 968 1989 curret
997 1945 1176 2008 super
1201 1947 1310 1988 ora
1338 1924 1623 2001 Libui-nc,

192 2030 402 2112 Atque
430 2031 618 2093 obiter
648 2031 824 2114 leget,
856 2044 956 2093 aut
983 2030 1220 2105 scribet,
1248 2030 1345 2091 vel
1374 2029 1627 2129 dormiet
1654 2029 1851 2107 intus;

199 2134 488 2218 Namque
519 2132 660 2197 facit
687 2156 960 2197 somnum
989 2134 1192 2199 clausa
1221 2134 1430 2197 lectica
1462 2132 1741 2197 fenestra.

199 2238 364 2300 Ante
393 2250 592 2299 tamen
621 2239 852 2301 venietz
896 2240 1064 2303 nobis
1095 2239 1546 2323 properantibus
1574 2239 1767 2302 obstat

201 2340 388 2403 Unda
419 2342 575 2423 prior
599 2364 614 2403 τ
659 2364 876 2425 magno
905 2343 1154 2425 populus
1183 2342 1395 2423 premit
1424 2334 1656 2423 agmine
1684 2342 1939 2415 lumbos,
2028 2348 2157 2403 225

203 2444 334 2519 Qui
365 2447 644 2529 sequitur.
735 2444 903 2508 Ferit
932 2446 1028 2507 hic
1058 2445 1276 2517 cubito,
1306 2443 1441 2505 ferit
1468 2462 1667 2505 assere
1700 2443 1849 2507 duro

203 2550 424 2629 Alter3
469 2564 527 2612 at
554 2550 650 2613 hic
677 2552 902 2633 tignum
931 2548 1108 2630 capiti
1136 2546 1359 2623 incutit,
1390 2548 1483 2610 ille
1514 2562 1844 2611 metretam.

203 2652 462 2735 Pinguia
490 2676 664 2717 crura
689 2656 849 2731 luto;
894 2652 1090 2736 planta
1117 2674 1263 2715 mox
1294 2653 1551 2736 undique
1576 2652 1791 2736 magna

207 2758 455 2835 Calcor,
487 2771 548 2819 et
573 2759 632 2820 in
663 2759 842 2841 digito
869 2760 1070 2821 clavus
1099 2757 1239 2821 mihi
1272 2759 1465 2821 militis
1492 2759 1693 2821 haeret.
1720 2754 1723 2759 ’

298 2862 520 2927 Nonne
550 2863 736 2939 vides,
766 2876 982 2946 quanto
1011 2863 1345 2925 celebretur
1372 2863 1625 2947 sportula
1651 2863 1865 2927 fumo?
2038 2868 2167 2927 230

209 2966 478 3030 Centum
509 2967 806 3029 convivae:
851 2968 1110 3050 sequitur
1139 2989 1245 3029 sua
1276 2987 1573 3051 quemque
1604 2968 1818 3030 culina.

213 3070 484 3135 Corbulo
514 3071 614 3133 vix
641 3070 822 3134 ferret
845 3084 934 3133 tot
957 3090 1100 3135 vasa
1129 3070 1403 3153 ingentia,
1432 3084 1517 3133 tot
1546 3090 1643 3133 res

215 3176 526 3257 Impositas
555 3175 750 3260 capiti,
783 3196 928 3259 quas
957 3189 1122 3239 recto
1152 3174 1371 3237 vertice
1401 3188 1593 3257 portat

219 3278 502 3341 Servulus
531 3278 754 3355 infelix,
784 3293 844 3342 et
871 3300 1044 3342 cursu
1082 3278 1319 3341 ventilat
1348 3278 1565 3361 ignem.
2040 3338 2047 3341 .

219 3383 582 3468 Scinduntur
610 3383 818 3447 tunicae
848 3398 1014 3447 sartae
1043 3404 1059 3444 ε
1103 3383 1287 3445 modo
1324 3382 1499 3466 longa
1526 3400 1801 3449 coruscat
2039 3394 2164 3451 285

178 3518 186 3525 ·
223 3487 478 3550 Sarraco
506 3487 776 3551 veniente
807 3488 989 3563 abies,
1021 3501 1196 3570 atque
1227 3488 1408 3551 altera
1436 3488 1641 3571 pinum
