2411 3890
289 279 372 338 52
903 277 970 324 n.
1001 277 1190 328 mun
1222 277 1605 328 mvnmms

283 423 468 489 Hunc
499 445 710 488 sexum
741 439 802 488 et
829 427 990 490 rabie
1011 428 1188 512 jecur
1218 427 1573 490 incendente
1604 425 1867 490 feruntur
2112 429 2234 488 525

283 531 630 615 Praecipites
654 553 674 611 ;
719 545 782 594 ut
810 554 956 596 saxa
975 531 1133 617 jugis
1163 535 1429 617 abrupta,
1460 533 1671 616 quibus
1700 554 1869 596 mons

285 638 676 715 Subtrahitur,
707 638 978 722 clivoque
1009 639 1158 702 latus
1187 639 1489 722 pendente
1518 638 1767 702 recedit.

369 743 538 806 lllam
570 765 684 827 ego
712 766 830 807 non
861 744 1114 821 tulerim,
1147 765 1276 828 quae
1308 757 1629 828 computat,
1662 757 1723 806 et
1750 744 1943 806 scelus
1972 743 2180 826 ingens

291 848 456 911 Sana
485 847 643 912 facit.
737 849 1026 934 Spectant
1055 851 1409 914 subeuntem
1438 847 1559 913 fata
1586 849 1777 913 mariti

279 961 590 1037 Alcestim,
621 974 701 1036 et,
731 961 932 1024 similis
961 963 1006 1025 si
1040 964 1393 1045 permutatio
1424 961 1617 1037 detur,
2110 963 2237 1022 530

277 1065 478 1129 Morte
508 1067 613 1128 viri
643 1067 886 1150 cupient
915 1067 1171 1130 animam
1203 1089 1441 1130 servare
1472 1067 1718 1130 catellae.

281 1171 622 1238 Occurrent
652 1173 844 1235 multae
875 1173 978 1236 tibi
1007 1172 1257 1236 Belides
1286 1185 1463 1256 atque
1492 1171 1805 1256 Eriphylae

279 1277 464 1341 Mane
489 1301 504 1339 τ
551 1276 1068 1361 Clytaemnestram
1097 1279 1289 1340 nullus
1317 1300 1434 1340 non
1465 1277 1630 1341 vicus
1658 1279 1915 1342 habebit.

279 1381 420 1446 Hoc
450 1383 678 1445 tantum
707 1381 906 1458 refert,
939 1383 1099 1465 qued
1129 1383 1433 1466 Tyndaris
1460 1383 1553 1445 illa
1585 1383 1905 1467 bipennem

277 1487 568 1552 Insulsam
599 1502 659 1550 et
686 1486 908 1550 fatuam
941 1487 1154 1551 dextra
1183 1489 1447 1573 laevaque
1477 1490 1735 1552 tenebat.
2102 1495 2233 1553 535

277 1595 364 1657 At
389 1614 547 1658 nunc
576 1616 672 1656 res
703 1594 890 1677 agitur
919 1594 1080 1656 tenui
1109 1595 1391 1678 pulmone
1422 1596 1641 1658 rubetae
1666 1617 1686 1674 3
1974 1583 1987 1593 ’

281 1699 408 1764 Sed
439 1714 638 1763 tamen
668 1714 728 1763 et
757 1699 934 1777 ferre,
966 1700 1013 1764 si
1045 1701 1420 1785 praegustabit
1447 1700 1690 1763 Atrides

282 1803 535 1872 Pontica
561 1821 652 1872 ter
679 1807 815 1872 victi
847 1819 1055 1872 cautus
1087 1807 1483 1871 medicamina
1511 1807 1687 1890 regis.
1758 1821 1865 1904 s

1692 1903 1761 1963 s
