2411 3890
932 278 1177 331 amm
1208 281 1324 329 xv.
2016 286 2134 345 121

176 424 259 491 Et
287 446 433 489 cum
460 427 779 510 remigibus
808 427 1117 510 grunnisse
1150 428 1456 512 Elpenora
1485 428 1704 512 porcia.

171 530 333 593 Tam
360 532 533 594 vacui
562 532 769 616 capitis
797 534 1083 615 populum
1114 532 1378 597 Phaeaca
1407 531 1678 617 putavit?

171 634 275 697 Sic
308 636 515 718 aliquis
543 636 755 699 merito
782 638 1047 699 nondum
1078 638 1296 715 ebriuS,
1327 654 1388 703 et
1418 639 1724 701 minimum
1755 638 1854 723 qui

163 738 269 802 De
300 739 629 823 Corcyraea
655 754 941 803 temetum
974 742 1226 805 duxerat
1257 741 1407 805 urnii
1433 765 1450 804 z
2041 745 2128 805 25

165 842 349 906 Solus
376 845 535 907 enim
564 846 679 907 hoc
710 844 949 907 Ithacus
976 847 1136 907 nullo
1164 848 1276 909 sub
1305 860 1454 909 teste
1485 846 1759 909 canebat.

163 946 297 1011 Nos
326 948 593 1011 miranda
624 949 887 1031 quidem,
920 950 1025 1013 sed
1058 972 1248 1033 nuper
1275 952 1519 1013 consule
1549 948 1728 1013 Junio

164 1050 371 1126 Gesta,
402 1074 580 1135 super
608 1052 821 1115 calidae
854 1051 1183 1116 referemus
1211 1056 1434 1119 moenia
1465 1055 1650 1137 Copti
1676 1076 1698 1133 ς

160 1154 295 1219 Nos
324 1156 479 1238 vulgi
511 1158 725 1234 sceluS‚
756 1170 817 1219 et
844 1159 1073 1219 cunctis
1101 1160 1370 1239 graviora
1397 1157 1720 1221 cothurnis·

156 1259 325 1322 Nam
344 1261 559 1337 scelus,
586 1284 619 1323 a
643 1261 885 1345 Pyrrha
908 1283 1247 1345 quanquam
1271 1262 1470 1325 omnia
1493 1274 1753 1344 syrmata
1773 1260 1994 1339 volvas,
2041 1266 2124 1324 30

154 1363 375 1427 Nullus
406 1366 559 1447 apud
592 1368 844 1449 tragicos
874 1368 1129 1451 populus
1159 1367 1318 1429 facit.
1411 1368 1644 1451 Accipe
1673 1380 1872 1431 nostro

152 1468 309 1533 Dira
340 1470 498 1553 quod
528 1472 873 1553 exemplum
904 1470 1103 1534 feritas
1132 1472 1482 1554 produxerit
1511 1494 1659 1535 aevo·

236 1573 401 1636 Inter
430 1575 703 1637 finitimos
732 1588 901 1637 vetus
932 1592 1107 1659 atque
1140 1578 1376 1658 antiqua
1405 1576 1688 1653 simultas&

147 1677 493 1741 Immortale
523 1678 749 1753 odium,
778 1692 839 1741 et
864 1702 1166 1762 nunquam
1198 1681 1458 1743 sanabile
1489 1681 1700 1745 vulnus

148 1783 342 1845 Ardet
370 1784 570 1845 adhuc
601 1782 831 1866 Coptos
860 1799 920 1846 et
948 1785 1240 1866 Tentyra.
1333 1784 1620 1847 Summus
1647 1784 1922 1867 utrinque
2028 1788 2112 1849 35

147 1886 297 1950 Inde
327 1886 493 1949 furor
520 1886 717 1970 vulgo,
750 1889 912 1971 quod
942 1888 1185 1949 'numina
1212 1887 1540 1950 vicinorum

146 1993 295 2054 Odit
323 2005 573 2074 uterque
601 1993 788 2067 locuS,
822 2014 1005 2076 quum
1035 1991 1191 2054 solos
1221 1991 1430 2052 credat
1459 1990 1768 2054 habendos

143 2097 303 2160 Esse
335 2097 503 2173 deos,
535 2117 683 2179 quos
713 2098 839 2181 ipse
871 2097 1029 2160 colit.
1126 2096 1253 2158 Sed
1285 2109 1554 2180 tempore
1583 2095 1738 2162 festo

141 2201 405 2263 Alterius
434 2201 633 2283 populi
665 2202 950 2284 rapienda
978 2201 1218 2264 occasio
1248 2202 1478 2264 cunctis

138 2303 287 2368 Visa
315 2305 686 2366 inimicorum
711 2305 1061 2387 primoribus
1090 2327 1163 2366 ac
1194 2301 1466 2378 ducib‘uS‚
1495 2325 1574 2364 ne
2022 2309 2108 2365 40

138 2409 379 2471 Laetum
407 2409 775 2491 hilaremque
806 2409 988 2482 diem,
1022 2428 1095 2469 ne
1125 2429 1355 2490 magnae
1388 2406 1606 2488 gaudia
1633 2425 1823 2470 coenae

140 2514 464 2593 Sentirent,
496 2514 693 2597 positis
724 2514 795 2576 ad
830 2514 1051 2594 templa
1082 2527 1141 2576 et
1172 2513 1432 2596 compita
1463 2511 1702 2589 mensiS,

92 2607 107 2624 ”
135 2614 540 2696 Pervigilique
569 2629 719 2690 toro,
750 2635 929 2697 quem
960 2629 1133 2678 nocte
1164 2637 1238 2678 ac
1267 2616 1402 2678 luce
1423 2614 1730 2698 jacentem

133 2717 447 2800 Septimus
475 2717 771 2779 interdum
802 2719 889 2779 sol
918 2719 1153 2780 invenit.
1247 2711 1512 2780 Horrida
1539 2718 1684 2780 sane

128 2821 439 2904 AEgyptus
466 2842 481 2881 ε
528 2821 633 2883 sed
663 2819 917 2894 luxuria,
950 2820 1234 2903 quantam
1265 2822 1392 2901 ipse
1421 2821 1638 2894 notavi,
2014 2827 2097 2881 45

130 2925 411 2988 Barbara
440 2924 665 2987 famoso
698 2926 815 2988 non
844 2924 1003 2987 cedit
1032 2922 1201 2984 turba
1233 2921 1510 3003 Canopo.
1837 2934 1856 2940 “

128 3029 342 3105 Adde,
375 3029 537 3112 quod
566 3044 623 3091 et
654 3028 841 3092 facilis
873 3027 1113 3092 victoria
1144 3027 1222 3088 de
1251 3025 1524 3100 madidis„
1555 3038 1616 3086 et

130 3133 369 3208 Blaesis,
403 3147 579 3216 atque
612 3155 777 3196 mero
806 3132 1205 3196 titubantibus·
1297 3129 1448 3194 Inde
1478 3128 1732 3192 virorum

132 3236 397 3300 Saltatus
428 3239 593 3320 nigro
622 3238 879 3314 tibicine,
912 3238 1343 3321 qualiacunque

128 3339 476 3423 Unguenta,
508 3355 568 3404 et
596 3342 792 3418 floreS,
824 3344 1137 3426 multaeque
1166 3343 1226 3403 in
1256 3341 1446 3404 fronte
1475 3361 1706 3404 coronae
1731 3362 1748 3402 ε
2013 3344 2095 3402 50

134 3443 300 3520 Hinc
322 3429 597 3532 jejunum
629 3447 831 3510 odium
858 3471 875 3509 z
922 3449 1029 3512 sed
1049 3447 1248 3532 jurgia
1278 3446 1466 3530 prima
1495 3466 1705 3511 sonare

838 3559 865 3612 1
883 3558 911 3612 l
