2411 3890
215 287 258 342 4
839 277 906 326 n.
938 277 1125 328 surm
1155 276 1537 328 swanum

215 427 472 511 Navigio
502 441 764 490 montem
796 429 1064 492 ascendit
1091 442 1397 512 sortesque
1428 427 1715 512 poposcit,

211 531 627 615 Paulatimque
657 532 858 596 anima
883 534 1192 596 caluerunt
1222 533 1418 596 mollia
1449 549 1643 607 saxa,·
2085 531 2165 588 75

215 635 302 698 Et
330 637 587 705 maribus
615 638 804 700 nudas
832 638 1089 702 ostendit
1117 637 1353 720 Pyrrha
1382 637 1607 722 puellas
1630 656 1652 714 3

217 727 527 825 Quidquid
561 756 738 824 agunt
766 743 1056 818 homines,
1086 757 1310 818 votum,
1340 743 1536 817 timor,
1564 741 1671 815 ira,
1704 739 1991 822 voluptaS,

123 891 175 903 „-
215 844 473 922 Gaudia,
503 847 820 923 discursus,
849 849 1028 910 nostri
1067 861 1158 910 est
1187 845 1422 928 farrago
1450 845 1663 908 libelli„

151 1014 156 1018 .
217 949 300 1014 Et
332 952 568 1034 quando
598 953 832 1014 uberior
863 953 1132 1015 vitiorum
1161 949 1387 1036 copia?
1436 949 1675 1034 quando

217 1055 413 1141 Major
445 1058 692 1120 avaritiae
723 1058 906 1141 patuit
937 1059 1095 1120 sinus
1120 1057 1145 1118 ?
1193 1058 1324 1119 alea
1356 1056 1593 1139 quando
2084 1055 2167 1112 80

218 1159 354 1225 Hos
383 1162 656 1225 animos?
703 1163 924 1245 Neque
955 1162 1113 1224 enim
1141 1162 1351 1224 loculis
1378 1159 1793 1222 comitantibus
1820 1156 1934 1218 itur

223 1267 321 1328 Ad
350 1288 558 1330 casum
587 1267 818 1343 tabulae,
850 1267 1040 1350 posita
1068 1266 1173 1328 sed
1205 1265 1422 1328 luditur
1452 1265 1613 1327 arca.

221 1370 446 1434 Proelia
476 1385 692 1452 quanta
719 1371 837 1434 illic
869 1372 1274 1452 dispensatore
1302 1369 1535 1432 videbis

219 1477 571 1559 Armigero!
621 1475 970 1558 Simplexne
1001 1474 1161 1536 furor
1191 1475 1457 1536 sestertia
1486 1487 1727 1536 centum

219 1581 510 1658 Perdere,
541 1595 602 1643 et
628 1580 886 1643 horrenti
917 1579 1178 1642 tunicam
1205 1601 1323 1642 non
1356 1579 1609 1640 reddere
1640 1577 1861 1641 servo?
2085 1579 2167 1636 85

221 1684 377 1758 Quis
403 1685 649 1748 totidem
679 1685 870 1746 erexit
896 1683 1058 1747 villas
1081 1683 1122 1745 ?'·
1155 1683 1286 1766 quis
1315 1681 1537 1743 fercula
1566 1694 1796 1764 septem

231 1791 482 1854 Secreto
510 1791 766 1853 coenavit
795 1787 986 1852 avus?
1076 1787 1259 1850 Nunc
1290 1786 1547 1870 sportula
1574 1785 1766 1868 primo

226 1894 465 1959 Limine
495 1915 676 1978 parva
707 1893 895 1971 sedet,
925 1892 1106 1957 turbae
1137 1890 1420 1977 rapienda
1452 1905 1685 1975 togatae.

226 2000 332 2063 Ille
363 2016 562 2063 tamen
592 2000 806 2063 faciem
837 2000 998 2083 prius
1026 1994 1277 2083 in‘s'picit,
1302 2013 1361 2061 et
1390 1998 1665 2081 trepidat,
1694 2020 1769 2060 ne

229 2105 582 2190 Suppositus
610 2105 834 2183 venias»,
866 2126 936 2169 ac
967 2102 1112 2171 salso
1141 2104 1377 2171 nomine
1406 2124 1642 2192 poscas«
2092 2106 2177 2163 90

231 2213 481 2295 Agnitus
513 2212 791 2296 accipies.
879 2211 1063 2275 Jubet
1093 2235 1128 2275 a
1159 2234 1431 2296 praecone
1460 2214 1661 2277 vocari

225 2317 393 2401 Ipsos
420 2316 796 2402 Trojugenas
822 2340 838 2379 ε
882 2340 1022 2380 nam
1051 2332 1271 2380 vexant
1296 2318 1476 2379 limen
1506 2332 1564 2380 et
1592 2318 1702 2400 ipsi

223 2422 579 2499 Nobiscum,
666 2424 768 2486 Da
797 2424 1048 2507 praetori,
1081 2424 1158 2485 da
1181 2423 1401 2485 deinde
1428 2423 1657 2485 tribuno
1681 2445 1701 2500 ;

235 2526 360 2589 Sed
391 2528 689 2590 libertinus
718 2528 876 2611 prior
907 2540 1015 2589 est.
1107 2526 1300 2600 Prior,
1332 2526 1534 2607 inquit,
1566 2546 1681 2607 ego
1712 2526 1942 2589 adsum.

231 2631 362 2694 Cur
388 2632 628 2694 timeam
662 2632 1000 2694 dubitemve
1044 2630 1244 2692 locum
1276 2628 1622 2705 defendere,
1656 2632 1924 2713 quamvis
2095 2636 2181 2694 95

231 2738 425 2800 Natus
455 2737 529 2798 ad
563 2736 934 2819 Euphraten,
967 2736 1174 2797 molles
1203 2735 1360 2816 quod
1392 2735 1449 2796 in
1480 2756 1623 2798 aure
1654 2734 1925 2799 senestrae

231 2843 569 2927 Arguerint,
599 2841 738 2905 licet
768 2842 893 2924 ipse
923 2862 1141 2923 negem
1165 2838 1191 2901 ?
1284 2840 1409 2901 Sed
1439 2841 1695 2923 quinque
1724 2841 1983 2903 tabernae

232 2946 685 3031 Quadringenta
714 2960 939 3029 parant.
1032 2946 1198 3019 Quid
1230 2944 1459 3007 confert
1490 2968 1747 3029 purpura
1774 2945 1963 3029 major

235 3054 604 3137 optandum,
635 3054 684 3117 si
715 3052 1006 3115 Laurenti
1037 3050 1292 3113 custodit
1321 3050 1379 3111 in
1410 3072 1552 3132 agro

233 3158 583 3223 Conductas
613 3157 908 3221 Corvinus
937 3176 1080 3219 oves
1113 3154 1138 3217 ?
1230 3154 1368 3237 Ego
1399 3154 1675 3237 possideo
1706 3157 1839 3239 plus
2066 3161 2188 3219 100

235 3263 511 3327 Pallante
545 3278 604 3326 et
634 3263 877 3326 Licinis.
968 3261 1344 3343 Exspectent
1374 3281 1517 3341 ergo
1546 3260 1755 3322 tribuni
1782 3284 1802 3339 3

235 3367 493 3432 Vincant
521 3369 730 3431 divitiae
759 3391 774 3429 ε
821 3389 992 3430 sacro
1021 3388 1136 3429 nec
1166 3366 1345 3427 cedat
1374 3366 1600 3441 honori,

236 3474 448 3557 Nuper
475 3474 532 3535 in
564 3475 718 3537 hanc
750 3474 958 3536 urbem
991 3470 1247 3555 pedibus
1277 3469 1375 3553 qui
1405 3483 1649 3533 venerat
1678 3470 1865 3550 albis;
