2411 3890
231 226 270 283 6
431 192 437 198 ⁰
847 222 912 269 D.
944 223 1130 272 JUNII
1162 219 1547 278 summus

229 367 554 452 TurgiduS,
587 385 647 434 et
675 373 926 436 crudum
958 395 1253 456 pavonem
1282 376 1341 438 in
1376 377 1591 440 balnea
1624 389 1841 461 portas.

156 499 189 506 ’·
233 473 395 538 Hinc
426 476 626 538 subitae
657 493 878 541 mortes
909 492 1086 562 atque
1117 479 1387 544 intestata
1416 496 1711 546 senectus·

237 579 290 643 It
318 602 490 656 nova,
520 601 634 644 nec
664 582 856 658 tristis,
889 605 995 667 per
1024 597 1270 647 cunctas
1290 583 1488 650 sabula
1516 607 1765 650 coenas:

231 685 486 748 Ducitur
516 686 672 748 iratis
700 671 1106 770 plaudendum
1137 688 1311 752 funus
1342 692 1568 756 amicis.

325 791 427 852 Nil
457 790 568 852 erit
595 791 854 868 ulter-ina,
886 793 1044 876 quod
1074 795 1285 858 nostris
1314 797 1575 859 moribus
1602 797 1784 860 addat

241 897 561 961 Posteritas
589 919 604 958 ε
649 898 865 960 eadem
897 899 1136 982 cupient
1164 899 1499 984 facientque
1530 903 1809 965 minores.

235 1003 436 1065 Omne
467 1003 524 1064 in
556 1003 834 1087 praecipiti
863 1003 1068 1065 vitium
1099 1005 1278 1066 stetit.
1367 1004 1559 1068 Utere
1590 1007 1780 1085 velis3

235 1109 428 1172 Totos
457 1109 652 1194 pande
685 1108 863 1171 sinus.
954 1107 1144 1171 Dicas
1173 1108 1272 1172 hic
1302 1107 1563 1186 forsitan,
1595 1111 1754 1174 uude

239 1215 550 1297 Ingenium
581 1236 687 1299 par
716 1214 972 1276 materiae
999 1212 1026 1276 ?
1087 1214 1245 1277 unde
1276 1214 1373 1278 illa
1402 1215 1663 1298 priorum

245 1320 581 1395 Scribendi‚
613 1319 1011 1401 quodcunque
1044 1318 1240 1380 animo
1269 1319 1551 1401 flagrante
1582 1320 1813 1394 liberet,
1838 1349 1959 1428 ἔξω

243 1424 622 1508 Simplicium,
653 1422 822 1506 cujus
851 1443 967 1483 non
999 1422 1193 1484 audeo
1224 1422 1427 1486 dicere
1456 1443 1675 1485 nomen
1702 1423 1729 1484 ?

247 1529 415 1602 Quid
445 1527 624 1591 refert
653 1527 823 1589 dictis
852 1527 1121 1609 ignoscat
1147 1526 1409 1604 MuciuS,
1442 1551 1514 1590 an
1544 1551 1659 1592 non
1682 1527 1713 1590 ἓ

247 1635 420 1698 Pone
449 1633 812 1715 Tigellinum
837 1653 854 1692 t
899 1630 1054 1694 taeda
1081 1632 1307 1695 lucebis
1335 1633 1393 1694 in
1424 1633 1541 1710 illa,

252 1739 398 1813 Qua
425 1751 644 1802 stantes
673 1738 902 1813 ardent,
933 1737 1031 1818 qui
1063 1737 1188 1798 fixo
1216 1751 1447 1820 gutture
1478 1737 1725 1813 fumant,

255 1845 340 1908 Et
369 1847 552 1908 latum
582 1841 782 1905 media
805 1842 1032 1904 sulcum
1067 1841 1298 1906 diducis
1328 1842 1528 1905 arena.

256 1952 382 2025 Qui
413 1951 578 2014 dedit
606 1971 748 2032 ergo
777 1950 958 2012 tribus
987 1949 1207 2032 patruis
1236 1937 1487 2025 aconita,
1519 1949 1766 2011 vehatur

256 2057 591 2120 Pensilibus
621 2054 854 2138 plumiS‚
885 2068 1062 2135 atque
1092 2054 1249 2115 illinc
1280 2053 1567 2136 despiciat
1597 2050 1751 2115 nos?

256 2163 465 2236 Quum
499 2161 692 2223 veniet
719 2158 942 2233 contra,
975 2158 1155 2239 digito
1184 2178 1507 2240 compesce
1537 2149 1837 2218 ffibellum.

259 2271 590 2332 Accusator
619 2266 748 2340 erit,
780 2264 878 2347 qui
907 2263 1158 2325 verbum
1189 2260 1425 2337 dixerit,
1456 2262 1553 2325 hic
1585 2275 1696 2324 est.

264 2375 529 2437 Securus
557 2372 698 2433 licet
724 2369 986 2431 AEneam
1016 2368 1427 2449 Rutulumque
1460 2365 1727 2430 ferocem

261 2478 658 2541 Committas:
703 2474 836 2535 nulli
869 2472 1060 2555 gravis
1089 2486 1180 2533 est
1208 2492 1524 2553 percussus
1556 2469 1840 2545 Achilles,

265 2586 390 2647 Aut
418 2582 665 2644 multum
695 2578 966 2661 quaesitus
997 2575 1190 2658 Hylas
1220 2596 1546 2658 urnamque
1592 2588 1893 2659 sequutus.

273 2688 440 2750 Ense
474 2686 633 2748 velut
660 2684 858 2746 stricto
891 2680 1118 2764 quoties
1145 2679 1413 2742 Lucilius
1444 2682 1659 2743 ardens

269 2790 597 2866 Insremuit,
627 2788 798 2849 rubet
828 2784 1072 2859 auditor,
1105 2785 1200 2845 cui
1233 2784 1442 2867 frigida
1472 2806 1643 2848 mens
1674 2800 1767 2847 est

275 2896 676 2969 Criminibu33
718 2890 897 2953 tacita
925 2890 1138 2951 sudant
1164 2890 1501 2972 praecordia
1531 2889 1729 2973 culpa.

273 3002 424 3065 Inde
453 3002 551 3063 irae
583 3013 644 3060 et
669 2998 978 3079 lacrymae.
1067 2994 1309 3055 Tecum
1338 2993 1498 3077 prius
1528 3016 1671 3075 ergo
1700 2994 1895 3079 voluta

275 3108 440 3170 Haec
471 3105 666 3167 animo
697 3114 831 3165 ante
862 3102 1050 3163 tubas.
1145 3099 1461 3161 Galeatum
1493 3098 1627 3160 sero
1658 3097 1835 3161 duelli

279 3212 562 3275 Poenitet.
653 3205 972 3289 Experiar,
1003 3204 1141 3286 quid
1171 3203 1535 3267 concedatur
1562 3203 1619 3264 in
1651 3203 1797 3278 illos,

283 3318 559 3394 Quorum
592 3308 887 3375 Flaminia
914 3310 1123 3391 tegitur
1153 3308 1299 3371 cinis
1330 3322 1504 3389 atque
1536 3306 1771 3369 Latina.

1962 437 1966 444 ’
2066 481 2190 542 135

2080 1009 2202 1065 140

2081 1529 2207 1587 145

2093 2052 2221 2110 150

2099 2578 2221 2635 155

2104 3099 2230 3159 160
