2411 3890
980 284 1224 339 suma
1253 286 1396 339 XIV.
2041 288 2160 348 117

205 432 475 499 Crimine
506 435 737 499 divitias
762 437 1069 519 acquirere
1096 459 1117 516 3
1175 456 1424 524 quarum
1455 454 1624 499 amor
1649 434 1708 497 in
1738 448 1817 511 te,

205 536 483 611 Quantus
513 555 640 604 erat
667 542 863 624 patriae
894 542 1228 605 Deciorum
1258 542 1316 605 in
1347 554 1610 625 pectore,
1641 539 1923 624 quantum

206 638 437 705 Dilexit
464 644 735 721 Thebas,
766 646 812 709 si
844 646 1079 709 Graeeia
1106 667 1272 723 vera,
1303 646 1658 711 Menoeceus
1685 668 1702 706 ε
2032 648 2168 707 240

204 746 273 809 In
306 769 557 832 quorum
586 751 765 813 sulcis
791 751 1056 833 legiones
1084 752 1356 815 dentibus
1385 752 1590 834 anguis
1675 774 1680 781 ·

206 850 369 915 Cum
400 854 627 937 clypeis
654 872 995 933 nascuntur,
1024 871 1087 920 et
1112 858 1350 921 horrida
1376 856 1532 921 bella
1559 871 1878 941 capessunt

206 954 533 1035 Continuo,
560 974 841 1043 tanquam
874 978 935 1024 et
960 962 1198 1025 tubicen
1230 961 1552 1025 surrexerit
1579 961 1716 1023 una.

206 1060 375 1143 Ergo
403 1064 622 1145 ignem,
654 1065 823 1149 cujus
852 1066 1125 1131 scintillas
1152 1067 1282 1151 ipse
1312 1066 1545 1141 dedisti,

204 1162 586 1250 flagrantem
614 1170 731 1231 late
762 1185 825 1235 et
851 1173 1179 1254 rapientem
1211 1185 1426 1235 cuncta
1451 1170 1704 1233 videbis.
2031 1175 2162 1235 24⁵

202 1271 345 1334 Nec
374 1273 475 1337 tibi
508 1288 781 1357 parcetur
808 1274 1051 1351 misero,
1077 1276 1492 1359 trepidumque
1521 1274 1868 1356 magistrum

202 1375 269 1438 In
300 1376 492 1439 cavea
521 1400 735 1461 magno
766 1378 999 1442 fremitu
1029 1380 1126 1442 leo
1154 1379 1318 1443 tollet
1347 1381 1638 1445 alumnus.

291 1480 456 1544 Nota
486 1485 913 1547 mathematicis
940 1487 1173 1567 genesis
1200 1500 1336 1549 tua:
1383 1488 1490 1549 sed
1520 1508 1700 1569 grave
1727 1486 1934 1551 tardas

200 1584 582 1668 Exspectare
614 1589 819 1651 colus:
862 1590 1128 1663 morieris
1157 1591 1403 1655 stamine
1433 1592 1698 1655 nondum

199 1688 497 1773 Abrupto.
588 1692 627 1751 J
631 1714 725 1754 am
756 1714 913 1756 nunc
940 1696 1141 1758 obstas
1168 1709 1230 1757 et
1255 1709 1394 1759 vota
1422 1698 1705 1759 moraris:
2027 1700 2156 1757 250

198 1792 339 1857 Jam
366 1808 601 1877 torquet
619 1796 905 1880 juvenem
933 1800 1109 1880 longa
1136 1812 1197 1861 et
1225 1800 1468 1863 cervina
1491 1812 1790 1861 senectus·

200 1898 397 1962 Ocius
426 1899 803 1984 Archigenen
835 1922 1051 1983 queem,
1080 1914 1260 1982 atque
1291 1922 1450 1975 eme,
1479 1902 1638 1982 quod
1667 1898 2042 1962 Mithridates

201 2003 577 2088 Composuit,
607 2006 655 2068 si
684 2007 771 2067 vis
800 2005 977 2066 aliam
1004 2005 1334 2090 decerpere
1363 2005 1568 2079 ficum,
1999 2085 2006 2092 .

200 2112 403 2193 Atque
432 2111 575 2173 alias
603 2125 855 2172 tractare
884 2132 1049 2174 rosas
1074 2133 1092 2172 t
1133 2111 1524 2173 medicamen.
1541 2107 1886 2172 habendum
1913 2120 2022 2182 est,

202 2213 463 2278 sorbere
487 2229 621 2278 ante
652 2215 849 2277 cibum
881 2216 1039 2298 quod
1068 2216 1288 2278 debeat
1317 2229 1378 2278 et
1405 2230 1574 2298 pater
1603 2228 1664 2278 et
1689 2235 1822 2276 rex.
2023 2214 2156 2274 255

198 2317 472 2382 Monstro
500 2321 863 2402 voluptatem
895 2321 1220 2402 egregiam,
1247 2320 1346 2381 cui
1373 2320 1534 2380 nulla
1561 2320 1810 2408 theatra,

198 2424 381 2488 Nulla
414 2445 650 2509 aequare
680 2445 863 2506 queas
890 2425 1161 2508 praetoris
1188 2423 1414 2506 pulpita
1442 2422 1602 2498 lauti,

204 2531 270 2594 Si
303 2545 556 2615 specteS‚
589 2545 807 2614 quanto
834 2531 1041 2615 capitis
1070 2529 1406 2594 discrimine
1437 2542 1706 2592 constent

198 2635 577 2700 Incrementa
608 2636 841 2713 domfiS,
872 2634 1049 2715 aerata
1076 2638 1294 2700 multus
1325 2636 1380 2698 in
1413 2635 1556 2699 arca

198 2739 438 2818 Fiscus,
470 2756 529 2804 et
560 2743 632 2804 ad
663 2743 896 2824 vigilem
924 2743 1186 2824 ponendi
1216 2741 1472 2805 Castora
1499 2743 1752 2814 nummi,
2025 2740 2159 2800 260

196 2846 307 2910 Ex
337 2869 454 2931 quo
485 2847 651 2910 Mars
678 2849 829 2910 ultor
858 2845 1089 2930 galeam
1120 2865 1356 2927 quoque
1387 2845 1664 2926 perdidit,
1693 2856 1754 2906 et
1780 2862 1878 2904 res

196 2953 345 3018 Non
374 2954 558 3036 potuit
586 2973 821 3016 servare
852 2967 1009 3013 suas.
1102 2946 1270 3030 Ergo
1301 2948 1498 3009 omnia
1529 2945 1724 3009 Florae

196 3057 288 3122 Et
317 3057 558 3121 Cereris
587 3059 725 3120 licet
752 3071 815 3119 et
842 3053 1111 3138 Cybeles
1138 3053 1332 3114 aulaea
1362 3036 1656 3135 relinquas
1682 3072 1701 3111 ε

190 3161 403 3226 Tanto
432 3163 686 3249 majores
715 3164 971 3224 humana
999 3159 1234 3241 negotia
1262 3155 1404 3218 ludi.

291 3267 385 3334 An
419 3268 607 3352 magis
635 3269 932 3330 oblectant
960 3265 1221 3328 animum
1241 3261 1466 3349 jactata
1492 3274 1740 3344 petauro
2024 3263 2154 3326 26⁵

195 3377 497 3460 Corpora,
530 3374 745 3457 quique
776 3373 927 3436 solet
954 3383 1184 3434 rectum
1216 3365 1585 3431 descendere
1617 3367 1819 3431 funem
1850 3391 1869 3447 3
1967 3415 1976 3420 .

196 3481 407 3559 Quam
436 3493 521 3557 tu,
553 3477 819 3562 Corycia
847 3495 1085 3564 semper
1114 3474 1212 3563 qui
1251 3493 1451 3563 puppe
1481 3473 1731 3540 moraris
