2411 3890
1007 304 1252 354 SATIRA
1281 302 1350 353 X.
2083 302 2164 359 85

199 452 269 516 Si
302 448 453 515 foret
481 452 809 515 exstinctus
840 450 1073 515 diverso
1100 466 1394 536 tempore,
1427 446 1544 534 quo
1573 472 1690 515 non
2039 448 2166 507 255

206 554 501 639 Coeperat
532 556 794 618 audaces
821 554 996 619 Paris
1024 556 1320 619 aedificare
1349 557 1598 620 carinas.

146 652 154 659 ’
207 660 427 744 Longa
456 659 587 723 dies
615 660 789 743 igitur
816 660 955 743 quid
988 662 1229 723 contulit
1254 662 1280 723 ?
1327 662 1525 723 omnia
1553 659 1699 723 vidit

207 762 463 841 Eversa,
496 778 557 827 et
586 764 841 826 flammis
874 764 1077 828 Asiam
1106 764 1384 849 ferroque
1415 765 1755 828 cadentem.

212 868 399 932 Tunc
425 868 595 931 miles
624 868 910 931 tremulus
937 869 1129 952 posita
1156 870 1285 932 tulit
1314 890 1478 931 arma
1506 868 1674 945 tiara,

212 970 303 1035 Et
329 973 441 1035 ruit
473 988 607 1035 ante
638 994 801 1036 aram
833 974 1047 1035 summi
1074 972 1262 1046 Jovis,
1295 987 1357 1036 ut
1385 974 1614 1036 vetulus
1640 974 1771 1048 hm,
2043 973 2174 1033 260

214 1074 345 1148 Qui
373 1076 590 1138 domini
622 1077 819 1139 cultris
850 1089 1029 1139 tenue
1058 1090 1119 1139 et
1148 1077 1484 1139 miserabile
1515 1077 1736 1139 collum

214 1178 476 1255 Praebet,
506 1182 581 1241 ab
610 1181 835 1262 ingrato
855 1180 985 1264 jam
1014 1179 1305 1242 fastiditus
1337 1192 1551 1242 aratro.

218 1282 439 1345 Exitus
468 1284 565 1345 ille
596 1298 897 1367 utcunque
928 1285 1182 1345 hominis
1209 1306 1226 1343 ε
1271 1284 1378 1346 sed
1409 1296 1574 1345 torva
1604 1282 1817 1345 canino

218 1387 489 1452 Latravit
516 1378 691 1463 rictu‚'
720 1409 847 1471 quae
880 1402 1011 1472 post
1039 1389 1199 1450 hunc
1230 1390 1476 1464 vixerat,
1509 1410 1682 1451 uxor.

220 1490 469 1554 Festino
500 1493 575 1554 ad
606 1507 855 1569 nostr08‚
886 1507 946 1556 et
972 1515 1177 1575 regem
1207 1508 1443 1556 transeo
1473 1493 1674 1570 Ponti,
2050 1495 2178 1555 265

220 1594 311 1657 Et
341 1594 643 1671 Croesum,
674 1618 853 1678 quem
881 1618 1001 1659 vox
1021 1598 1162 1681 justi
1192 1597 1450 1661 facunda
1485 1598 1720 1663 Solonis
1828 1624 1834 1633 ·

221 1698 559 1781 Respicere
591 1700 667 1761 ad
695 1700 881 1782 longae
902 1701 1078 1785 jussit
1106 1703 1289 1784 spatia
1318 1702 1520 1765 ultima
1550 1703 1706 1766 vitae.

222 1802 547 1895 ΕξείΙίυηι,
579 1818 639 1865 et
666 1826 893 1880 carcer,
924 1805 1478 1889 Minturnarumque
1509 1808 1778 1890 palude8‚

222 1906 313 1971 Εἴ
340 1908 709 1972 mendicatus
738 1908 893 1972 victa
922 1908 1286 1991 Carthagine
1317 1911 1504 1992 paniS,

223 2007 389 2076 Hinc
419 2035 631 2076 causas
663 2013 950 2075 habuere.
1042 2011 1208 2084 Quid
1241 2013 1338 2074 illo
1368 2015 1500 2076 cive
1528 2015 1754 2079 tulisset
2059 2023 2188 2080 270

223 2117 457 2200 Natura
487 2117 542 2178 in
572 2118 759 2193 terris,
792 2119 931 2201 quid
961 2118 1165 2181 Roma
1192 2120 1421 2182 beatius
1451 2141 1733 2204 unquam,

228 2221 299 2282 Si
328 2221 741 2283 circumducto
771 2223 1136 2306 captivorum
1170 2225 1424 2306 agmine,
1455 2239 1516 2287 et
1543 2228 1702 2288 omni

223 2323 535 2386 Bellorum
565 2327 805 2408 pompa,
837 2327 1095 2387 animam
1126 2327 1462 2388 exhalasset
1489 2329 1771 2409 opimam,

226 2427 438 2501 Quum
471 2427 547 2489 de
575 2428 916 2490 Teutonico
945 2430 1122 2490 vellet
1151 2431 1522 2492 descendere
1546 2453 1720 2495 curru
1747 2431 1773 2502 ἓ

226 2531 495 2594 Provida
521 2531 819 2615 Pompeio
849 2532 1097 2596 dederat
1119 2533 1456 2617 Campania
1487 2534 1688 2602 febres
2059 2547 2184 2604 275

228 2635 575 2718 Optandas:
625 2636 731 2698 sed
760 2637 955 2699 multae
976 2639 1163 2705 ,urbes
1194 2654 1252 2702 et
1283 2640 1515 2722 publica
1549 2658 1684 2705 vota

228 2738 543 2802 Vicerunt.
634 2739 816 2822 Igitur
846 2741 1113 2805 Fortuna
1140 2745 1319 2826 ipsius
1350 2758 1408 2807 et
1435 2745 1619 2808 Urbis

230 2844 553 2908 Servatum
582 2845 738 2907 victo
766 2859 947 2928 caput
976 2847 1227 2908 abstulit.
1317 2847 1458 2909 Hoc
1487 2849 1748 2910 cruciatu

232 2949 549 3024 Lentulus,
579 2949 693 3012 hac
718 2949 896 3032 poenfi
924 2951 1113 3012 caruit
1142 2951 1478 3032 ceciditque
1509 2949 1817 3033 Cethegus

230 3051 491 3134 Integer,
523 3067 583 3115 et
601 3053 790 3136 jacuit
821 3053 1075 3116 Catilina
1105 3055 1400 3116 cadavere
1430 3068 1574 3117 toto.
2060 3057 2188 3128 2³30

326 3155 611 3218 Formam
642 3172 806 3240 optat
835 3160 1073 3222 modico
1104 3159 1320 3242 pueris,
1353 3159 1575 3243 majore
1607 3161 1814 3242 puellis

232 3258 569 3341 Murmure,
602 3281 785 3344 quum
812 3261 1071 3325 Veneris
1098 3262 1298 3327 fanum
1330 3263 1489 3325 videt
1519 3265 1694 3327 anxia.
1723 3282 1930 3343 mater,

232 3361 449 3445 Usque
482 3365 557 3425 ad
590 3364 830 3427 delicias
860 3380 1148 3428 votorum.
1241 3367 1370 3428 Cur
1391 3381 1611 3444 tamen,
1644 3370 1846 3451 inquit,

234 3455 545 3558 Corripias
570 3465 597 3528 ?
643 3467 908 3530 Pulchra
936 3472 1157 3614 {audet
1187 3471 1425 3535 Latona
1452 3472 1675 3541 Diana,
