2411 3890
992 236 1244 317 §Anu
1275 234 1372 287 xl.

200 384 533 469 Figendum
566 397 627 449 et
654 384 905 450 memori
934 384 1308 450 tractandum
1339 394 1600 467 pectore,
1629 379 1756 445 sive

192 489 549 575 Conjugium
580 508 825 573 quaeras,
856 488 953 551 vel
980 489 1133 555 sacri
1161 488 1222 551 in
1252 500 1418 571 parte
1449 484 1689 551 senatus

192 592 347 659 Esse
377 594 559 656 velis:
606 613 721 658 nec
752 591 913 657 enim
940 592 1183 655 loricam
1217 591 1408 675 poscit
1433 588 1686 653 Achillis

189 696 517 772 Thersites,
547 696 605 757 in
636 694 755 779 qua
784 717 849 759 se
880 696 1302 762 transducebat
1327 693 1583 777 Ulyxes.
1673 760 1690 776 .

189 802 529 884 Ancipitem
556 819 661 865 seu
692 814 757 861 tu
787 820 1005 883 magno
1035 800 1374 863 discrimine
1405 818 1646 862 causam

187 905 513 989 Protegere
544 905 830 984 affectas;
874 918 935 970 te
966 905 1236 980 consule,
1267 904 1366 967 dic
1393 903 1514 978 tibi,
1547 901 1646 985 qui
1675 902 1774 975 εἰς,

186 1007 402 1072 Orator
431 1008 774 1083 vehemens,
805 1029 881 1071 an
906 1006 1149 1071 Curtius
1178 1020 1238 1071 et
1267 1006 1489 1094 Mathq
1508 1008 1748 1069 buccae.

183 1111 507 1175 Noscenda
538 1125 629 1174 est
656 1132 935 1174 mensura
962 1112 1051 1176 sui
1083 1110 1528 1195 spectandaque
1556 1110 1739 1172 rebus

181 1216 251 1278 In
278 1216 527 1279 summis
556 1215 949 1297 minimisque,
982 1216 1159 1279 etiam
1190 1234 1374 1297 quum
1405 1214 1580 1296 piscis
1609 1224 1884 1289 emetur3

178 1318 281 1383 Ne
310 1320 557 1381 mullum
586 1319 811 1401 (πυρίας,
844 1338 1025 1402 quum
1056 1319 1129 1381 sit
1155 1317 1257 1383 tibi
1287 1317 1461 1401 gobio
1491 1317 1714 1381 tantum

178 1422 245 1485 In
274 1423 503 1485 loculis.
596 1422 751 1497 Quis
780 1423 937 1491 enim
966 1436 1045 1498 te,
1080 1422 1398 1488 deficiente
1425 1422 1730 1500 crumena,

178 1526 261 1591 Et
288 1541 601 1591 crescente
632 1526 789 1611 gula,
821 1543 1023 1592 manet
1050 1528 1265 1605 exitus,
1297 1550 1412 1591 aere
1441 1544 1688 1612 paterno

174 1632 269 1697 Ac
300 1633 483 1695 rebus
510 1631 717 1693 mersis
747 1632 805 1693 in
836 1645 1124 1709 ventrem,
1154 1631 1400 1697 soenoris
1427 1648 1602 1715 atque

174 1736 424 1819 Argenti
454 1734 647 1817 gravis
676 1747 737 1795 et
764 1756 1049 1817 pecorum
1082 1756 1478 1819 agrorumque
1509 1737 1846 1820 capacem?

59 1844 61 1849 ’
171 1838 425 1901 Talibus
455 1860 491 1900 a
520 1838 771 1901 dominis
798 1852 929 1921 post
956 1854 1174 1903 cuncta
1202 1840 1550 1903 novissimus
1577 1841 1700 1903 exit
1743 1871 1752 1880 ·

172 1942 465 2016 AnnuluS,
496 1957 557 2004 et
584 1942 775 2026 digitos
798 1942 1101 2004 mendicat
1126 1941 1324 2006 Pollio
1353 1943 1537 2006 nudo.

170 2047 314 2110 Non
346 2047 677 2130 praematuri
706 2048 957 2122 cinereS,
988 2068 1103 2110 nec
1134 2045 1310 2110 sunus
1339 2049 1624 2112 acerbum

168 2149 465 2217 Luxuriae
490 2173 509 2229 ;
555 2151 663 2217 sed
692 2164 881 2213 morte
912 2149 1099 2234 magis
1128 2153 1452 2216 metuenda
1481 2167 1776 2218 senectus.

167 2253 250 2316 Hi
290 2255 639 2337 plerumque
670 2255 887 2336 gradus
914 2277 929 2315 ε
972 2256 1270 2318 conducta
1297 2257 1554 2338 pecunia
1582 2257 1796 2318 Romae

166 2357 249 2422 Et
284 2379 489 2420 coram
520 2358 771 2420 dominis
802 2357 1201 2420 consumitur:
1249 2359 1388 2422 inde
1421 2359 1520 2422 ubi
1548 2359 1810 2442 paulum,

59 2461 61 2466 ’
163 2461 399 2526 Nescio
430 2461 591 2544 quid,
620 2474 907 2544 superest,
938 2474 998 2524 et
1024 2461 1203 2544 pallet
1231 2461 1472 2538 foenoris
1500 2477 1724 2542 auctor,

163 2565 295 2641 Qui
324 2565 557 2626 vertere
586 2565 799 2640 solum,
829 2565 1011 2628 Baias
1041 2580 1100 2629 et
1134 2568 1212 2631 ad
1241 2581 1436 2634 ostrea
1465 2583 1727 2634 currunt.
1807 2569 1819 2579 '

162 2667 413 2734 Cedere
442 2689 699 2750 namque
731 2667 859 2733 soro
874 2669 1003 2753 jam
1033 2693 1151 2734 non
1172 2687 1264 2736 est
1291 2675 1570 2750 deterius,
1603 2675 1782 2756 quam
1871 2687 1878 2692 “

160 2773 469 2854 Esquilias
498 2793 533 2833 a
563 2769 808 2834 ferventi
838 2773 1089 2853 migrare
1124 2773 1382 2836 Subura.

156 2876 271 2940 Ille
302 2876 471 2937 dolor
499 2876 657 2938 solus
686 2877 933 2958 patriam
966 2873 1338 2956 fugientibuS,
1369 2876 1467 2938 illa

158 2979 449 3042 Moestitia
479 2993 587 3054 est,
618 2981 879 3042 caruisse
910 2998 1064 3042 anno
1094 2977 1480 3043 Circensibus
1509 3001 1650 3043 uno.

160 3083 482 3166 Sanguinis
509 3084 569 3144 in
597 3083 751 3146 facie
782 3105 897 3146 non
928 3084 1112 3149 haeret
1139 3095 1342 3166 gutta:
1391 3090 1692 3148 morantur

158 3185 355 3252 Pauci
385 3187 696 3250 ridiculum
726 3187 1104 3269 effugientem
1132 3207 1215 3250 ex
1243 3185 1412 3252 Urbe
1450 3188 1760 3271 pudonem.

246 3291 583 3374 Experiere
611 3291 811 3367 hodie,
840 3293 1101 3376 nunquid
1128 3293 1526 3376 pulcherrima
1547 3295 1734 3373 dictu,

158 3395 431 3472 Persice,
459 3416 575 3458 non
605 3408 881 3478 praestem
909 3396 1045 3475 vita,
1074 3397 1171 3462 vel
1196 3398 1458 3464 moribus
1485 3413 1550 3466 et
1573 3421 1686 3483 τες

722 3498 809 3562 8*

1969 186 2150 293 ’es

2055 1110 2138 1167 35

2047 1640 2136 1729 ⁴0.

2039 2159 2124 2216 45

2034 2651 2212 2736 50'

2025 3201 2106 3258 55
