2411 3890
1099 299 1343 349 SATIRA
1372 299 1417 348 1.

285 445 442 510 Haec
473 467 586 529 ego
617 467 734 508 non
763 445 980 530 agitem
1005 446 1032 509 ?
1081 447 1209 510 Sed
1240 447 1379 531 quid
1410 445 1599 532 magis
1630 445 1981 522 Heracleas,

283 550 410 614 Aut
437 551 826 627 Diomedeas,
859 566 958 614 aut
987 553 1277 635 mugitum
1306 552 1677 637 Labyrintbi,

282 651 369 718 Et
398 677 562 718 mare
591 677 938 739 percussum
967 679 1176 740 puero,
1209 657 1559 742 fabrumque
1590 654 1929 720 volantem?

281 759 496 836 Quum
525 761 662 824 leno
689 761 944 846 accipiat
969 763 1191 826 moechi
1226 765 1401 840 bona,
1432 763 1481 826 si
1510 761 1785 846 capiendi

272 865 389 928 Jus
417 866 643 928 nullum
671 867 862 943 uxori,
893 868 1104 932 doctus
1131 881 1403 952 spectare
1433 869 1692 944 lacunar,

275 969 515 1034 Doctus
545 985 602 1033 et
633 972 708 1034 ad
740 971 994 1036 calicem
1023 971 1278 1056 vigilanti
1309 987 1556 1038 stertere
1588 995 1772 1051 naso3

274 1075 488 1150 Quum
519 1074 606 1138 sas
635 1096 768 1138 esse
796 1090 973 1160 putet,
993 1096 1198 1140 curam
1227 1099 1469 1162 *sperare
1496 1078 1772 1152 cohortiS,

272 1178 400 1255 Qui
427 1180 584 1242 bona
614 1179 852 1244 donavit
881 1184 1265 1264 praesepibuS,
1294 1197 1357 1244 et
1384 1195 1547 1246 caret
1576 1182 1735 1246 omni

267 1283 573 1369 Majorum
602 1305 808 1361 censu,
835 1287 984 1348 dum
1014 1287 1285 1370 pervolat
1314 1308 1429 1349 axe
1460 1287 1639 1350 citato

269 1387 671 1468 Flaminiam3
719 1389 898 1474 (puer
926 1391 1311 1454 Automedon
1340 1413 1479 1456 nam
1509 1393 1633 1456 lora
1664 1392 1923 1470 tenebat,

263 1493 404 1576 Ipse
432 1495 744 1557 lacernatae
773 1515 958 1578 quum
989 1517 1054 1558 se
1073 1496 1329 1580 jactaret
1358 1498 1617 1581 amicae.)

261 1595 486 1660 Nonne
514 1598 658 1662 libet
685 1600 886 1662 medio
913 1621 1086 1664 ceras
1114 1602 1363 1685 implere
1392 1623 1649 1686 capaces

257 1699 642 1776 Quadrivio?
689 1723 872 1786 quum
889 1705 1020 1788 jam
1051 1705 1485 1786 sextacervice
1516 1705 1736 1770 seratur
1781 1710 1843 1756 Α

258 1803 426 1872 Hinc
458 1821 632 1892 atque
661 1807 802 1871 inde
829 1823 1058 1892 patens,
1091 1833 1164 1874 ac
1187 1811 1350 1876 nuda
1380 1811 1548 1896 paene
1578 1811 1887 1887 cathedra,

256 1917 348 1983 Et
375 1914 624 1981 multum
657 1913 920 1981 reserens
949 1916 1026 1981 de
1052 1916 1385 1981 Maecenate
1414 1919 1623 2001 supino

249 2023 532 2107 Signator
561 2022 726 2100 falsn,
757 2024 856 2107 qui
886 2044 952 2099 se
983 2025 1209 2087 lautum
1240 2038 1417 2107 atque
1452 2024 1693 2085 beatum

251 2124 512 2209 Exiguis
539 2128 750 2191 tabulis
777 2142 839 2191 et
869 2128 1112 2211 gemma
1140 2127 1367 2191 fecerat
1394 2126 1563 2190 uda?

251 2229 536 2293 Occurrit
565 2245 832 2295 matrona
859 2246 1087 2315 potens,
1121 2254 1272 2316 quae,
1302 2232 1481 2295 molle
1512 2229 1811 2295 Calenum

247 2332 627 2411 Porrectura,
658 2336 784 2397 viro
813 2336 1025 2398 miscet
1054 2337 1283 2399 sitiente
1312 2337 1603 2410 rubetam,

245 2437 612 2521 Instituitque
644 2440 825 2503 rudes
855 2440 1063 2501 melior
1093 2440 1359 2503 Locusta
1390 2440 1747 2524 propinquas

243 2541 374 2605 Per
402 2542 622 2606 famam
655 2557 714 2605 et
743 2545 1024 2627 populum
1047 2544 1489 2633 nigrosgfferre
1523 2546 1780 2611 maritos.
1851 2576 1860 2581 -
1933 2548 1953 2557 ”

332 2647 512 2709 Aude
543 2647 759 2732 aliquid
792 2649 1066 2713 brevibus
1095 2650 1315 2733 Gyaris
1346 2664 1409 2714 et
1434 2672 1678 2716 carcere
1710 2652 1973 2737 dignum,

160 2786 200 2801 ι-
239 2750 308 2813 Si
342 2750 427 2813 vis
457 2770 588 2814 esse
617 2752 824 2835 aliquis
849 2774 864 2815 ε
907 2755 1164 2837 probitas
1193 2754 1465 2819 laudatur
1496 2771 1556 2819 et
1586 2757 1760 2841 alget.

233 2852 600 2919 Criminibus
629 2856 849 2920 debent
879 2858 1098 2935 hortos,
1129 2860 1417 2942 praetoria,
1450 2882 1705 2939 mensaS,

233 2962 564 3043 Argentum
597 2976 783 3038 vetus,
817 2976 878 3025 et
907 2976 1156 3027 stantem
1187 2980 1361 3029 extra
1392 2968 1605 3049 pocula
1634 2988 1906 3052 caprum.

234 3064 444 3138 Quem
472 3064 684 3147 patitur
714 3067 972 3131 dormire
1003 3068 1186 3150 nursia
1214 3084 1521 3153 corruptor
1551 3093 1769 3151 avarae,

229 3168 440 3242 Quem
459 3190 684 3252 sponsae
713 3184 916 3255 turpes
943 3188 1004 3237 et
1033 3188 1412 3257 praetextatus
1441 3177 1715 3243 adulter?

232 3274 302 3335 Si
332 3288 538 3337 natura
567 3288 762 3359 negat,
794 3276 934 3341 facit
975 3279 1296 3363 indignatio
1324 3302 1581 3360 versum,

231 3378 740 3463 Qualemcunque
768 3397 984 3466 potest,
1015 3386 1223 3468 quales
1251 3408 1365 3469 ego
1396 3389 1490 3452 vel
1518 3388 1869 3455 Cluvienus.

311 3482 415 3547 Ex
446 3505 564 3568 quo
589 3485 947 3565 Deucalion,
980 3490 1196 3555 nimbis
1224 3492 1557 3558 tollentibus
1588 3517 1807 3579 aequor,

2152 553 2237 612 45

2152 1083 2239 1141 50

2140 1609 2221 1667 55

2126 2134 2213 2193 60

2120 2662 2201 2720 65

2103 3190 2187 3246 70
